%% This BibTeX bibliography file was created using BibDesk.
%% http://bibdesk.sourceforge.net/
%% Created for Anton Dorodnitsyn at 2016-12-19 14:27:38 -0500 
%% Saved with string encoding Unicode (UTF-8) 


@article{Thompson08,
	Adsnote = {Provided by the SAO/NASA Astrophysics Data System},
	Adsurl = {http://adsabs.harvard.edu/abs/2008ApJ...684..212T},
	Archiveprefix = {arXiv},
	Author = {{Thompson}, T.~A.},
	Doi = {10.1086/589227},
	Eprint = {0804.3403},
	Journal = {\apj},
	Keywords = {Galaxies: Starburst},
	Month = sep,
	Pages = {212-225},
	Title = {{Gravitational Instability in Radiation Pressure-Dominated Backgrounds}},
	Volume = 684,
	Year = 2008,
	Bdsk-Url-1 = {http://dx.doi.org/10.1086/589227}}

@article{Wolf03,
	Adsnote = {Provided by the SAO/NASA Astrophysics Data System},
	Adsurl = {http://adsabs.harvard.edu/abs/2003CoPhC.150...99W},
	Author = {{Wolf}, S.},
	Doi = {10.1016/S0010-4655(02)00675-6},
	Eprint = {arXiv:astro-ph/0207374},
	Journal = {Computer Physics Communications},
	Month = feb,
	Pages = {99-115},
	Title = {{MC3D-3D continuum radiative transfer, Version 2}},
	Volume = 150,
	Year = 2003,
	Bdsk-Url-1 = {http://dx.doi.org/10.1016/S0010-4655(02)00675-6}}

@article{SkinnerOstriker2010Athena,
	Adsnote = {Provided by the SAO/NASA Astrophysics Data System},
	Adsurl = {http://adsabs.harvard.edu/abs/2010ApJS..188..290S},
	Archiveprefix = {arXiv},
	Author = {{Skinner}, M.~A. and {Ostriker}, E.~C.},
	Doi = {10.1088/0067-0049/188/1/290},
	Eprint = {1004.2487},
	Journal = {\apjs},
	Keywords = {hydrodynamics, magnetohydrodynamics: MHD, methods: numerical},
	Month = may,
	Pages = {290-311},
	Primaryclass = {astro-ph.IM},
	Title = {{The Athena Astrophysical Magnetohydrodynamics Code in Cylindrical Geometry}},
	Volume = 188,
	Year = 2010,
	Bdsk-Url-1 = {http://dx.doi.org/10.1088/0067-0049/188/1/290}}

@INPROCEEDINGS{Spruit96,
   author = {{Spruit}, H.~C.},
    title = "{Magnetohydrodynamic jets and winds from accretion disks}",
 keywords = {MAGNETIC FIELDS, WINDS, ACCRETION DISKS, JETS, OUTFLOWS},
booktitle = {NATO Advanced Science Institutes (ASI) Series C},
     year = 1996,
   series = {NATO Advanced Science Institutes (ASI) Series C},
   volume = 477,
   editor = {{Wijers}, R.~A.~M.~J. and {Davies}, M.~B. and {Tout}, C.~A.},
    pages = {249-286},
   adsurl = {http://adsabs.harvard.edu/abs/1996ASIC..477..249S},
  adsnote = {Provided by the SAO/NASA Astrophysics Data System}
}

@article{Spruit96b,
	Adsnote = {Provided by the SAO/NASA Astrophysics Data System},
	Adsurl = {http://adsabs.harvard.edu/abs/1996astro.ph..2022S},
	Author = {{Spruit}, H.~C.},
	Eprint = {astro-ph/9602022},
	Journal = {ArXiv Astrophysics e-prints},
	Keywords = {Astrophysics},
	Month = feb,
	Title = {{Magnetohydrodynamic winds and jets from accretion disks}},
	Year = 1996}

@article{StoneNorman92,
	Adsnote = {Provided by the SAO/NASA Astrophysics Data System},
	Adsurl = {http://adsabs.harvard.edu/abs/1992ApJS...80..791S},
	Author = {{Stone}, J.~M. and {Norman}, M.~L.},
	Doi = {10.1086/191681},
	Journal = {\apjs},
	Keywords = {HYDRODYNAMICS, MAGNETOHYDRODYNAMICS: MHD, METHODS: NUMERICAL, RADIATIVE TRANSFER},
	Month = jun,
	Pages = {791},
	Title = {{ZEUS-2D: A Radiation Magnetohydrodynamics Code for Astrophysical Flows in Two Space Dimensions. II. The Magnetohydrodynamic Algorithms and Tests}},
	Volume = 80,
	Year = 1992,
	Bdsk-Url-1 = {http://dx.doi.org/10.1086/191681}}

@article{Agertz07,
	Adsnote = {Provided by the SAO/NASA Astrophysics Data System},
	Adsurl = {http://adsabs.harvard.edu/abs/2007MNRAS.380..963A},
	Author = {{Agertz}, O. and {Moore}, B. and {Stadel}, J. and {Potter}, D. and {Miniati}, F. and {Read}, J. and {Mayer}, L. and {Gawryszczak}, A. and {Kravtsov}, A. and {Nordlund}, {\AA}. and {Pearce}, F. and {Quilis}, V. and {Rudd}, D. and {Springel}, V. and {Stone}, J. and {Tasker}, E. and {Teyssier}, R. and {Wadsley}, J. and {Walder}, R.},
	Doi = {10.1111/j.1365-2966.2007.12183.x},
	Eprint = {arXiv:astro-ph/0610051},
	Journal = {\mnras},
	Keywords = {hydrodynamics, instabilities, turbulence, methods: numerical, ISM: clouds, galaxies: evolution, galaxies: formation, galaxies: general},
	Month = sep,
	Pages = {963-978},
	Title = {{Fundamental differences between SPH and grid methods}},
	Volume = 380,
	Year = 2007,
	Bdsk-Url-1 = {http://dx.doi.org/10.1111/j.1365-2966.2007.12183.x}}

@article{AlmeWilson74,
	Adsnote = {Provided by the SAO/NASA Astrophysics Data System},
	Adsurl = {http://adsabs.harvard.edu/abs/1974ApJ...194..147A},
	Author = {{Alme}, M.~L. and {Wilson}, J.~R.},
	Doi = {10.1086/153232},
	Journal = {\apj},
	Month = nov,
	Pages = {147-164},
	Title = {{Numerical study of X-ray induced mass transfer in the HZ Herculis/Hercules X-1 binary system.}},
	Volume = 194,
	Year = 1974,
	Bdsk-Url-1 = {http://dx.doi.org/10.1086/153232}}

@article{Antonucci84,
	Adsnote = {Provided by the SAO/NASA Astrophysics Data System},
	Adsurl = {http://adsabs.harvard.edu/abs/1984ApJ...278..499A},
	Author = {{Antonucci}, R.~R.~J.},
	Doi = {10.1086/161816},
	Journal = {\apj},
	Keywords = {ASTRONOMICAL SPECTROSCOPY, OPTICAL POLARIZATION, POLARIMETRY, QUASARS, RADIO GALAXIES, SEYFERT GALAXIES, EMISSION SPECTRA, VARIABILITY},
	Month = mar,
	Pages = {499-520},
	Title = {{Optical spectropolarimetry of radio galaxies}},
	Volume = 278,
	Year = 1984,
	Bdsk-Url-1 = {http://dx.doi.org/10.1086/161816}}

@article{AntonucciMiller1985,
	Adsnote = {Provided by the SAO/NASA Astrophysics Data System},
	Adsurl = {http://adsabs.harvard.edu/abs/1985ApJ...297..621A},
	Author = {{Antonucci}, R.~R.~J. and {Miller}, J.~S.},
	Doi = {10.1086/163559},
	Journal = {\apj},
	Keywords = {GALACTIC NUCLEI, POLARIMETRY, SEYFERT GALAXIES, BALMER SERIES, CIRCULAR POLARIZATION, EMISSION SPECTRA, IRON, LINE SPECTRA, OXYGEN},
	Month = oct,
	Pages = {621-632},
	Title = {{Spectropolarimetry and the nature of NGC 1068}},
	Volume = 297,
	Year = 1985,
	Bdsk-Url-1 = {http://dx.doi.org/10.1086/163559}}

@ARTICLE{Avara16,
   author = {{Avara}, M.~J. and {McKinney}, J.~C. and {Reynolds}, C.~S.},
    title = "{Efficiency of thin magnetically arrested discs around black holes}",
  journal = {\mnras},
archivePrefix = "arXiv",
   eprint = {1508.05323},
 primaryClass = "astro-ph.HE",
 keywords = {black hole physics, gravitation, hydrodynamics, MHD, methods: numerical},
     year = 2016,
    month = oct,
   volume = 462,
    pages = {636-648},
      doi = {10.1093/mnras/stw1643},
   adsurl = {http://cdsads.u-strasbg.fr/abs/2016MNRAS.462..636A},
  adsnote = {Provided by the SAO/NASA Astrophysics Data System}
}


@ARTICLE{Beckert08,
   author = {{Beckert}, T. and {Driebe}, T. and {H{\"o}nig}, S.~F. and {Weigelt}, G.
	},
    title = "{Probing the dusty environment of the Seyfert 1 nucleus in NGC 3783 with MIDI/VLTI interferometry}",
  journal = {\aap},
archivePrefix = "arXiv",
   eprint = {0806.0531},
 keywords = {galaxies: active, galaxies: nuclei, galaxies: Seyfert, galaxies: individual: NGC 3783, techniques: interferometric, radiation mechanisms: thermal},
     year = 2008,
    month = aug,
   volume = 486,
    pages = {L17-L20},
      doi = {10.1051/0004-6361:20078881},
   adsurl = {http://adsabs.harvard.edu/abs/2008A%26A...486L..17B},
  adsnote = {Provided by the SAO/NASA Astrophysics Data System}
}

@article{BeckertDuschl04,
	Adsnote = {Provided by the SAO/NASA Astrophysics Data System},
	Adsurl = {http://adsabs.harvard.edu/abs/2004A%26A...426..445B},
	Author = {{Beckert}, T. and {Duschl}, W.~J.},
	Doi = {10.1051/0004-6361:20040336},
	Journal = {\aap},
	Keywords = {accretion, accretion disks, black hole physics, ISM: clouds, galaxies: active, galaxies: nuclei, galaxies: individual: NGC 1068},
	Month = nov,
	Pages = {445-454},
	Title = {{The dynamical state of a thick cloudy torus around an AGN}},
	Volume = 426,
	Year = 2004,
	Bdsk-Url-1 = {http://dx.doi.org/10.1051/0004-6361:20040336}}

@article{Barvainis87,
	Adsnote = {Provided by the SAO/NASA Astrophysics Data System},
	Adsurl = {http://adsabs.harvard.edu/abs/1987ApJ...320..537B},
	Author = {{Barvainis}, R.},
	Doi = {10.1086/165571},
	Journal = {\apj},
	Keywords = {ACTIVE GALACTIC NUCLEI, COSMIC DUST, INFRARED SPECTRA, NEAR INFRARED RADIATION, QUASARS, THERMAL RADIATION, BLACK BODY RADIATION, CONTINUOUS SPECTRA, GRAPHITE, ULTRAVIOLET RADIATION},
	Month = sep,
	Pages = {537-544},
	Title = {{Hot dust and the near-infrared bump in the continuum spectra of quasars and active galactic nuclei}},
	Volume = 320,
	Year = 1987,
	Bdsk-Url-1 = {http://dx.doi.org/10.1086/165571}}

@article{Blondin94,
	Adsnote = {Provided by the SAO/NASA Astrophysics Data System},
	Adsurl = {http://adsabs.harvard.edu/abs/1994ApJ...435..756B},
	Author = {{Blondin}, J.~M.},
	Doi = {10.1086/174853},
	Journal = {\apj},
	Keywords = {ACCRETION DISKS, COMPUTERIZED SIMULATION, DEPOSITION, HYDRODYNAMICS, STELLAR WINDS, X RAY BINARIES, X RAY SOURCES, LUMINOSITY, PHOTOIONIZATION, X RAY ASTRONOMY},
	Month = nov,
	Pages = {756-766},
	Title = {{The shadow wind in high-mass X-ray binaries}},
	Volume = 435,
	Year = 1994,
	Bdsk-Url-1 = {http://dx.doi.org/10.1086/174853}}

@article{Bottorff2000,
	Adsnote = {Provided by the SAO/NASA Astrophysics Data System},
	Adsurl = {http://adsabs.harvard.edu/abs/2000ApJ...537..134B},
	Author = {{Bottorff}, M.~C. and {Korista}, K.~T. and {Shlosman}, I.},
	Doi = {10.1086/309006},
	Eprint = {arXiv:astro-ph/0001514},
	Journal = {\apj},
	Keywords = {Galaxies: Active, Galaxies: Individual: NGC Number: NGC 5548, Galaxies: Nuclei, Galaxies: Seyfert, Ultraviolet: Galaxies, X-Rays: Galaxies},
	Month = jul,
	Pages = {134-151},
	Title = {{Dynamics of Warm Absorbing Gas in Seyfert Galaxies: NGC 5548}},
	Volume = 537,
	Year = 2000,
	Bdsk-Url-1 = {http://dx.doi.org/10.1086/309006}}

@article{Emmering92,
	Adsnote = {Provided by the SAO/NASA Astrophysics Data System},
	Adsurl = {http://adsabs.harvard.edu/abs/1992ApJ...385..460E},
	Author = {{Emmering}, R.~T. and {Blandford}, R.~D. and {Shlosman}, I.},
	Doi = {10.1086/170955},
	Journal = {\apj},
	Keywords = {ACTIVE GALACTIC NUCLEI, EMISSION SPECTRA, LINE SHAPE, LINE SPECTRA, PARTICLE ACCELERATION, ACCRETION DISKS, BLACK HOLES (ASTRONOMY), INTERSTELLAR GAS},
	Month = feb,
	Pages = {460-477},
	Title = {{Magnetic acceleration of broad emission-line clouds in active galactic nuclei}},
	Volume = 385,
	Year = 1992,
	Bdsk-Url-1 = {http://dx.doi.org/10.1086/170955}}

@book{LamersCassinelli99,
	Adsnote = {Provided by the SAO/NASA Astrophysics Data System},
	Adsurl = {http://adsabs.harvard.edu/abs/1999isw..book.....L},
	Author = {{Lamers}, H.~J.~G.~L.~M. and {Cassinelli}, J.~P.},
	Booktitle = {Introduction to Stellar Winds, by Henny J.~G.~L.~M.~Lamers and Joseph P.~Cassinelli, pp.~452.~ISBN 0521593980.~Cambridge, UK: Cambridge University Press, June 1999.},
	Month = jun,
	Title = {{Introduction to Stellar Winds}},
	Year = 1999}

@article{LyndenBellKalnajs72,
	Adsnote = {Provided by the SAO/NASA Astrophysics Data System},
	Adsurl = {http://adsabs.harvard.edu/abs/1972MNRAS.157....1L},
	Author = {{Lynden-Bell}, D. and {Kalnajs}, A.~J.},
	Journal = {\mnras},
	Pages = {1},
	Title = {{On the generating mechanism of spiral structure}},
	Volume = 157,
	Year = 1972}

@article{Paczynski78,
	Adsnote = {Provided by the SAO/NASA Astrophysics Data System},
	Adsurl = {http://adsabs.harvard.edu/abs/1978AcA....28...91P},
	Author = {{Paczynski}, B.},
	Journal = {Acta Astron.},
	Keywords = {ASTRONOMICAL MODELS, HEAT GENERATION, INTERSTELLAR GAS, ROTATING DISKS, STELLAR GRAVITATION, STELLAR MASS ACCRETION, ANGULAR MOMENTUM, BLACK HOLES (ASTRONOMY), GRAVITY ANOMALIES, HEAT BALANCE, KEPLER LAWS, MOMENTUM TRANSFER, OPTICAL THICKNESS, PHOTOSPHERE, QUASARS, RADIATIVE HEAT TRANSFER, STELLAR ROTATION, VISCOSITY},
	Pages = {91-109},
	Title = {{A model of selfgravitating accretion disk}},
	Volume = 28,
	Year = 1978}

@article{BalbusHawley91,
	Adsnote = {Provided by the SAO/NASA Astrophysics Data System},
	Adsurl = {http://adsabs.harvard.edu/abs/1991ApJ...376..214B},
	Author = {{Balbus}, S.~A. and {Hawley}, J.~F.},
	Doi = {10.1086/170270s},
	Journal = {\apj},
	Keywords = {ACCRETION DISKS, MAGNETOHYDRODYNAMIC STABILITY, STELLAR MAGNETIC FIELDS, STELLAR MASS ACCRETION, BOUSSINESQ APPROXIMATION, COMPUTATIONAL ASTROPHYSICS, LINEAR SYSTEMS},
	Month = jul,
	Pages = {214-233},
	Title = {{A powerful local shear instability in weakly magnetized disks. I - Linear analysis. II - Nonlinear evolution}},
	Volume = 376,
	Year = 1991,
	Bdsk-Url-1 = {http://dx.doi.org/10.1086/170270}}

@article{Bannikova12,
	Adsnote = {Provided by the SAO/NASA Astrophysics Data System},
	Adsurl = {http://adsabs.harvard.edu/abs/2012arXiv1204.6580B},
	Archiveprefix = {arXiv},
	Author = {{Bannikova}, E.~Y. and {Vakulik}, V.~G. and {Sergeev}, A.~V.},
	Eprint = {1204.6580},
	Journal = {ArXiv e-prints},
	Keywords = {Astrophysics - Cosmology and Extragalactic Astrophysics, Astrophysics - Galaxy Astrophysics, Physics - Classical Physics},
	Month = apr,
	Primaryclass = {astro-ph.CO},
	Title = {{N-body simulation of clumpy torus: application to AGN}},
	Year = 2012}

@book{Beskin09,
	Adsnote = {Provided by the SAO/NASA Astrophysics Data System},
	Adsurl = {http://adsabs.harvard.edu/abs/2009mfca.book.....B},
	Author = {{Beskin}, V.~S.},
	Booktitle = {MHD Flows in Compact Astrophysical Objects: Accretion, Winds and Jets by Vasily S.~Beskin.~Extraterrestrial Physics {\amp} Space Sciences.~Springer, 2009.},
	Editor = {{Beskin, V.~S.}},
	Title = {{MHD Flows in Compact Astrophysical Objects: Accretion, Winds and Jets}},
	Year = 2009}

@article{Begelman04,
	Adsnote = {Provided by the SAO/NASA Astrophysics Data System},
	Adsurl = {http://adsabs.harvard.edu/abs/2004cbhg.symp..374B},
	Author = {{Begelman}, M.~C.},
	Eprint = {arXiv:astro-ph/0303040},
	Journal = {Coevolution of Black Holes and Galaxies},
	Pages = {374-+},
	Title = {{AGN Feedback Mechanisms}},
	Year = 2004}

@inbook{Beck2013,
	Adsnote = {Provided by the SAO/NASA Astrophysics Data System},
	Adsurl = {http://adsabs.harvard.edu/abs/2013pss5.book..641B},
	Author = {{Beck}, R. and {Wielebinski}, R.},
	Booktitle = {Planets, Stars and Stellar Systems.~Volume 5: Galactic Structure and Stellar Populations},
	Doi = {10.1007/978-94-007-5612-0_13},
	Keywords = {Physics},
	Pages = {641},
	Title = {{Magnetic Fields in Galaxies}},
	Year = 2013,
	Bdsk-Url-1 = {http://dx.doi.org/10.1007/978-94-007-5612-0_13}}

@inproceedings{Beck11,
	Adsnote = {Provided by the SAO/NASA Astrophysics Data System},
	Adsurl = {http://adsabs.harvard.edu/abs/2011AIPC.1381..117B},
	Archiveprefix = {arXiv},
	Author = {{Beck}, R.},
	Booktitle = {American Institute of Physics Conference Series},
	Doi = {10.1063/1.3635828},
	Editor = {{Aharonian}, F.~A. and {Hofmann}, W. and {Rieger}, F.~M.},
	Eprint = {1104.3749},
	Keywords = {clusters of galaxies, radiowaves, stellar evolution, star formation, Galaxy clusters, Radio, microwave, Stellar structure, interiors, evolution, nucleosynthesis, ages, Star formation},
	Month = sep,
	Pages = {117-136},
	Primaryclass = {astro-ph.CO},
	Series = {American Institute of Physics Conference Series},
	Title = {{Cosmic Magnetic Fields: Observations and Prospects}},
	Volume = 1381,
	Year = 2011,
	Bdsk-Url-1 = {http://dx.doi.org/10.1063/1.3635828}}

@ARTICLE{Beckwith11,
   Author = {{Beckwith}, K. and {Armitage}, P.~J. and {Simon}, J.~B.},
    title = "{Turbulence in global simulations of magnetized thin accretion discs}",
  journal = {\mnras},
archivePrefix = "arXiv",
   eprint = {1105.1789},
 primaryClass = "astro-ph.HE",
 keywords = {accretion, accretion discs, instabilities, MHD},
     year = 2011,
    month = sep,
   volume = 416,
    pages = {361-382},
      doi = {10.1111/j.1365-2966.2011.19043.x},
   adsurl = {http://adsabs.harvard.edu/abs/2011MNRAS.416..361B},
  adsnote = {Provided by the SAO/NASA Astrophysics Data System}
}


@article{Beckwith09,
	Adsnote = {Provided by the SAO/NASA Astrophysics Data System},
	Adsurl = {http://adsabs.harvard.edu/abs/2009ApJ...707..428B},
	Archiveprefix = {arXiv},
	Author = {{Beckwith}, K. and {Hawley}, J.~F. and {Krolik}, J.~H.},
	Doi = {10.1088/0004-637X/707/1/428},
	Eprint = {0906.2784},
	Journal = {\apj},
	Keywords = {accretion, accretion disks, MHD, relativity},
	Month = dec,
	Pages = {428-445},
	Primaryclass = {astro-ph.HE},
	Title = {{Transport of Large-Scale Poloidal Flux in Black Hole Accretion}},
	Volume = 707,
	Year = 2009,
	Bdsk-Url-1 = {http://dx.doi.org/10.1088/0004-637X/707/1/428}}

@article{BKZeld68,
	Adsnote = {Provided by the SAO/NASA Astrophysics Data System},
	Adsurl = {http://adsabs.harvard.edu/abs/1968SvA....12..192B},
	Author = {{Bisnovatyi-Kogan}, G.~S. and {Zel'Dovich}, Y.~B.},
	Journal = {Soviet Astronomy},
	Month = oct,
	Pages = {192-+},
	Title = {{Mass Outflow from Stars Induced by High Atmospheric Opacity.}},
	Volume = 12,
	Year = 1968}

@article{BK-Dor01,
	Adsnote = {Provided by the SAO/NASA Astrophysics Data System},
	Adsurl = {http://adsabs.harvard.edu/abs/2001ARep...45..995B},
	Author = {{Bisnovatyi-Kogan}, G.~S. and {Dorodnitsyn}, A. ~V.},
	Doi = {10.1134/1.1426130},
	Journal = {Astronomy Reports},
	Month = dec,
	Pages = {995-1001},
	Title = {{The Construction of Self-Consistent Models for Outflowing Stellar Envelopes}},
	Volume = 45,
	Year = 2001,
	Bdsk-Url-1 = {http://dx.doi.org/10.1134/1.1426130}}

@article{BK-Dor99,
	Adsnote = {Provided by the SAO/NASA Astrophysics Data System},
	Adsurl = {http://adsabs.harvard.edu/abs/1999A%26A...344..647B},
	Author = {{Bisnovatyi-Kogan}, G.~S. and {Dorodnitsyn}, A.~V.},
	Journal = {\aap},
	Keywords = {HYDRODYNAMICS, RADIATIVE TRANSFER, STARS: CARBON, STARS: MASS-LOSS},
	Month = apr,
	Pages = {647-654},
	Title = {{On modeling radiation-driven envelopes at arbitrary optical depths}},
	Volume = 344,
	Year = 1999}

@article{BKBlinnikov1980,
	Adsnote = {Provided by the SAO/NASA Astrophysics Data System},
	Adsurl = {http://adsabs.harvard.edu/abs/1980MNRAS.191..711B},
	Author = {{Bisnovatyi-Kogan}, G.~S. and {Blinnikov}, S.~I.},
	Journal = {\mnras},
	Keywords = {Heating, Numerical Analysis, Stellar Luminosity, Stellar Mass Accretion, X Ray Sources, Asymptotes, Eddington Approximation, Isothermal Flow, Neutron Stars, Spheres, Stellar Temperature},
	Month = jun,
	Pages = {711-719},
	Title = {{Spherical accretion on to compact X-ray sources with preheating - No thermal limit for the luminosity}},
	Volume = 191,
	Year = 1980}

@article{BKBlinn77,
	Adsnote = {Provided by the SAO/NASA Astrophysics Data System},
	Adsurl = {http://adsabs.harvard.edu/abs/1977A%26A....59..111B},
	Author = {{Bisnovatyi-Kogan}, G.~S. and {Blinnikov}, S.~I.},
	Journal = {\aap},
	Keywords = {BLACK HOLES (ASTRONOMY), RADIATION PRESSURE, STELLAR MASS ACCRETION, BINARY STARS, GRAVITATIONAL EFFECTS, RADIATION DISTRIBUTION, STELLAR LUMINOSITY, STELLAR MAGNETIC FIELDS, STELLAR MODELS, STELLAR STRUCTURE, TEMPERATURE EFFECTS},
	Month = jul,
	Pages = {111-125},
	Title = {{Disk accretion onto a black hole at subcritical luminosity}},
	Volume = 59,
	Year = 1977}

@article{BKBlinn78,
	Adsnote = {Provided by the SAO/NASA Astrophysics Data System},
	Adsurl = {http://adsabs.harvard.edu/abs/1978Ap.....14..316B},
	Author = {{Bisnovatyi-Kogan}, G.~S. and {Blinnikov}, S.~I.},
	Doi = {10.1007/BF01007444},
	Journal = {Astrophysics},
	Month = oct,
	Pages = {316-325},
	Title = {{Propagation of waves in a medium with high radiation pressure. I. Basic equations and the case of a homogeneous medium}},
	Volume = 14,
	Year = 1978,
	Bdsk-Url-1 = {http://dx.doi.org/10.1007/BF01007444}}

@article{BKLovelace2007,
	Adsnote = {Provided by the SAO/NASA Astrophysics Data System},
	Adsurl = {http://adsabs.harvard.edu/abs/2007ApJ...667L.167B},
	Archiveprefix = {arXiv},
	Author = {{Bisnovatyi-Kogan}, G.~S. and {Lovelace}, R.~V.~E.},
	Doi = {10.1086/522206},
	Eprint = {0708.2726},
	Journal = {\apjl},
	Keywords = {Accretion, Accretion Disks, Black Hole Physics, Magnetohydrodynamics: MHD},
	Month = oct,
	Pages = {L167-L169},
	Title = {{Large-Scale B-Field in Stationary Accretion Disks}},
	Volume = 667,
	Year = 2007,
	Bdsk-Url-1 = {http://dx.doi.org/10.1086/522206}}

@article{BKLovelace2000,
	Adsnote = {Provided by the SAO/NASA Astrophysics Data System},
	Adsurl = {http://adsabs.harvard.edu/abs/2000ApJ...529..978B},
	Author = {{Bisnovatyi-Kogan}, G.~S. and {Lovelace}, R.~V.~E.},
	Doi = {10.1086/308288},
	Eprint = {arXiv:astro-ph/9902344},
	Journal = {\apj},
	Keywords = {ACCRETION, ACCRETION DISKS, GALAXIES: ACTIVE, MAGNETOHYDRODYNAMICS: MHD, PLASMAS, STARS: MAGNETIC FIELDS, X-RAYS: STARS},
	Month = feb,
	Pages = {978-984},
	Title = {{Magnetic Field Limitations on Advection-dominated Flows}},
	Volume = 529,
	Year = 2000,
	Bdsk-Url-1 = {http://dx.doi.org/10.1086/308288}}

@article{BKRuz74,
	Adsnote = {Provided by the SAO/NASA Astrophysics Data System},
	Adsurl = {http://adsabs.harvard.edu/abs/1974Ap%26SS..28...45B},
	Author = {{Bisnovatyi-Kogan}, G.~S. and {Ruzmaikin}, A.~A.},
	Doi = {10.1007/BF00642237},
	Journal = {\apss},
	Month = may,
	Pages = {45-59},
	Title = {{The Accretion of Matter by a Collapsing Star in the Presence of a Magnetic Field}},
	Volume = 28,
	Year = 1974,
	Bdsk-Url-1 = {http://dx.doi.org/10.1007/BF00642237}}

@proceedings{Blandford90,
	Adsnote = {Provided by the SAO/NASA Astrophysics Data System},
	Adsurl = {http://adsabs.harvard.edu/abs/1990agn..conf.....B},
	Booktitle = {Active Galactic Nuclei},
	Editor = {{Blandford}, R.~D. and {Netzer}, H. and {Woltjer}, L. and {Courvoisier}, T.~J.-L. and {Mayor}, M.},
	Keywords = {ASTRONOMIE, ASTRONOMY, ASTROPHYSICS, ASTROPHYSIK},
	Title = {{Active Galactic Nuclei}},
	Year = 1990}

@article{BlandfordPayne82,
	Adsnote = {Provided by the SAO/NASA Astrophysics Data System},
	Adsurl = {http://adsabs.harvard.edu/abs/1982MNRAS.199..883B},
	Author = {{Blandford}, R.~D. and {Payne}, D.~G.},
	Journal = {\mnras},
	Keywords = {ASTROPHYSICS, ENERGY TRANSFER, MAGNETOHYDRODYNAMIC FLOW, MOMENTUM TRANSFER, RADIO JETS (ASTRONOMY), STELLAR MASS ACCRETION, ANGULAR MOMENTUM, BLACK HOLES (ASTRONOMY), CRITICAL POINT, DISKS (SHAPES), SOLAR CORONA},
	Month = jun,
	Pages = {883-903},
	Title = {{Hydromagnetic flows from accretion discs and the production of radio jets}},
	Volume = 199,
	Year = 1982}

@article{Blustin03,
	Adsnote = {Provided by the SAO/NASA Astrophysics Data System},
	Adsurl = {http://adsabs.harvard.edu/abs/2003A%26A...403..481B},
	Author = {{Blustin}, A.~J. and {Branduardi-Raymont}, G. and {Behar}, E. and {Kaastra}, J.~S. and {Kriss}, G.~A. and {Page}, M.~J. and {Kahn}, S.~M. and {Sako}, M. and {Steenbrugge}, K.~C.},
	Doi = {10.1051/0004-6361:20030236},
	Eprint = {arXiv:astro-ph/0302551},
	Journal = {\aap},
	Keywords = {galaxies: active, galaxies: Seyfert, galaxies: individual: NGC 7469, X-rays: galaxies, ultraviolet: galaxies, techniques: spectroscopic},
	Month = may,
	Pages = {481-492},
	Title = {{Multiwavelength studies of the Seyfert 1 galaxy NGC 7469 II. X-ray and UV observations with XMM-Newton}},
	Volume = 403,
	Year = 2003,
	Bdsk-Url-1 = {http://dx.doi.org/10.1051/0004-6361:20030236}}

@article{Bock2000,
	Adsnote = {Provided by the SAO/NASA Astrophysics Data System},
	Adsurl = {http://adsabs.harvard.edu/abs/2000AJ....120.2904B},
	Author = {{Bock}, J.~J. and {Neugebauer}, G. and {Matthews}, K. and {Soifer}, B.~T. and {Becklin}, E.~E. and {Ressler}, M. and {Marsh}, K. and {Werner}, M.~W. and {Egami}, E. and {Blandford}, R.},
	Doi = {10.1086/316871},
	Eprint = {arXiv:astro-ph/0009078},
	Journal = {\aj},
	Keywords = {galaxies: individual (NGC 1068), Infrared Radiation},
	Month = dec,
	Pages = {2904-2919},
	Title = {{High Spatial Resolution Imaging of NGC 1068 in the Mid-Infrared}},
	Volume = 120,
	Year = 2000,
	Bdsk-Url-1 = {http://dx.doi.org/10.1086/316871}}

@book{CastorBook,
	Adsnote = {Provided by the SAO/NASA Astrophysics Data System},
	Adsurl = {http://adsabs.harvard.edu/abs/2004rahy.book.....C},
	Author = {{Castor}, J.~I.},
	Booktitle = {Radiation Hydrodynamics, by John I.~Castor, pp.~368.~ISBN 0521833094.~Cambridge, UK: Cambridge University Press, November 2004.},
	Editor = {{Castor, J.~I.}},
	Month = nov,
	Title = {{Radiation Hydrodynamics}},
	Year = 2004}

@article{ChanKrolik16,
   author = {{Chan}, C.-H. and {Krolik}, J.~H.},
    title = "{Radiation-driven Outflows from and Radiative Support in Dusty Tori of Active Galactic Nuclei}",
  journal = {\apj},
archivePrefix = "arXiv",
   eprint = {1511.00333},
 keywords = {galaxies: active, galaxies: nuclei, hydrodynamics, methods: numerical, quasars: general, radiative transfer},
     year = 2016,
    month = jul,
   volume = 825,
      eid = {67},
    pages = {67},
      doi = {10.3847/0004-637X/825/1/67},
   adsurl = {http://adsabs.harvard.edu/abs/2016ApJ...825...67C},
  adsnote = {Provided by the SAO/NASA Astrophysics Data System}
}
@ARTICLE{ChanKrolik17,
       author = {{Chan}, Chi-Ho and {Krolik}, Julian H.},
        title = "{Geometrically Thick Obscuration by Radiation-driven Outflow from Magnetized Tori of Active Galactic Nuclei}",
      journal = {\apj},
     keywords = {galaxies: active, galaxies: nuclei, magnetohydrodynamics: MHD, methods: numerical, quasars: general, radiative transfer, Astrophysics - Astrophysics of Galaxies},
         year = "2017",
        month = "Jul",
       volume = {843},
       number = {1},
          eid = {58},
        pages = {58},
          doi = {10.3847/1538-4357/aa76e4},
archivePrefix = {arXiv},
       eprint = {1706.00240},
 primaryClass = {astro-ph.GA},
       adsurl = {https://ui.adsabs.harvard.edu/abs/2017ApJ...843...58C},
      adsnote = {Provided by the SAO/NASA Astrophysics Data System}
}


@article{Chang_etal07,
	Adsnote = {Provided by the SAO/NASA Astrophysics Data System},
	Adsurl = {http://adsabs.harvard.edu/abs/2007ApJ...662...94C},
	Author = {{Chang}, P. and {Quataert}, E. and {Murray}, N.},
	Doi = {10.1086/517960},
	Eprint = {arXiv:astro-ph/0610263},
	Journal = {\apj},
	Keywords = {Accretion, Accretion Disks, ISM: Dust, Extinction, Galaxies: Active, Galaxies: Nuclei, Galaxies: Seyfert},
	Month = jun,
	Pages = {94-101},
	Title = {{From Thin to Thick: The Impact of X-Ray Irradiation on Accretion Disks in Active Galactic Nuclei}},
	Volume = 662,
	Year = 2007,
	Bdsk-Url-1 = {http://dx.doi.org/10.1086/517960}}

@article{Chelouche08,
	Adsnote = {Provided by the SAO/NASA Astrophysics Data System},
	Adsurl = {http://adsabs.harvard.edu/abs/2008arXiv0812.3621C},
	Archiveprefix = {arXiv},
	Author = {{Chelouche}, D.},
	Eprint = {0812.3621},
	Journal = {astro-ph:0812.3621},
	Keywords = {Astrophysics},
	Month = dec,
	Title = {{Mass Loss by X-ray Winds from Active Galactic Nuclei}},
	Year = 2008}

@article{Cossins10,
	Adsnote = {Provided by the SAO/NASA Astrophysics Data System},
	Adsurl = {http://adsabs.harvard.edu/abs/2010MNRAS.401.2587C},
	Archiveprefix = {arXiv},
	Author = {{Cossins}, P. and {Lodato}, G. and {Clarke}, C.},
	Doi = {10.1111/j.1365-2966.2009.15835.x},
	Eprint = {0910.0850},
	Journal = {\mnras},
	Keywords = {accretion, accretion discs, gravitation, instabilities, planets and satellites: formation},
	Month = feb,
	Pages = {2587-2598},
	Primaryclass = {astro-ph.GA},
	Title = {{The effects of opacity on gravitational stability in protoplanetary discs}},
	Volume = 401,
	Year = 2010,
	Bdsk-Url-1 = {http://dx.doi.org/10.1111/j.1365-2966.2009.15835.x}}

@article{CiottiOstriker07,
	Adsnote = {Provided by the SAO/NASA Astrophysics Data System},
	Adsurl = {http://adsabs.harvard.edu/abs/2007ApJ...665.1038C},
	Author = {{Ciotti}, L. and {Ostriker}, J.~P.},
	Doi = {10.1086/519833},
	Eprint = {astro-ph/0703057},
	Journal = {\apj},
	Keywords = {Accretion, Accretion Disks, Black Hole Physics, Galaxies: Active, Galaxies: Nuclei, Galaxies: Starburst, Galaxies: Quasars: General},
	Month = aug,
	Pages = {1038-1056},
	Title = {{Radiative Feedback from Massive Black Holes in Elliptical Galaxies: AGN Flaring and Central Starburst Fueled by Recycled Gas}},
	Volume = 665,
	Year = 2007,
	Bdsk-Url-1 = {http://dx.doi.org/10.1086/519833}}

@article{Cohen06,
	Adsnote = {Provided by the SAO/NASA Astrophysics Data System},
	Adsurl = {http://adsabs.harvard.edu/abs/2006MNRAS.368.1905C},
	Author = {{Cohen}, D.~H. and {Leutenegger}, M.~A. and {Grizzard}, K.~T. and {Reed}, C.~L. and {Kramer}, R.~H. and {Owocki}, S.~P.},
	Doi = {10.1111/j.1365-2966.2006.10259.x},
	Eprint = {arXiv:astro-ph/0602599},
	Journal = {\mnras},
	Keywords = {line: profiles , stars: early-type , stars: individual: {$\zeta$} Ori , stars: mass-loss , stars: winds, outflows , X-rays: stars},
	Month = jun,
	Pages = {1905-1916},
	Title = {{Wind signatures in the X-ray emission-line profiles of the late-O supergiant {$\zeta$} Orionis}},
	Volume = 368,
	Year = 2006,
	Bdsk-Url-1 = {http://dx.doi.org/10.1111/j.1365-2966.2006.10259.x}}

@inproceedings{Crenshaw97,
	Adsnote = {Provided by the SAO/NASA Astrophysics Data System},
	Adsurl = {http://adsabs.harvard.edu/abs/1997ASPC..128..121C},
	Author = {{Crenshaw}, D.~M.},
	Booktitle = {Mass Ejection from Active Galactic Nuclei},
	Editor = {{Arav}, N. and {Shlosman}, I. and {Weymann}, R.~J.},
	Pages = {121},
	Series = {Astronomical Society of the Pacific Conference Series},
	Title = {{Intrinsic UV Absorption in Seyfert Galaxies}},
	Volume = 128,
	Year = 1997}

@article{CzernyHryniewicz11,
	Adsnote = {Provided by the SAO/NASA Astrophysics Data System},
	Adsurl = {http://adsabs.harvard.edu/abs/2011A%26A...525L...8C},
	Archiveprefix = {arXiv},
	Author = {{Czerny}, B. and {Hryniewicz}, K.},
	Doi = {10.1051/0004-6361/201016025},
	Eid = {L8},
	Eprint = {1010.6201},
	Journal = {\aap},
	Keywords = {galaxies: active, galaxies: Seyfert, quasars: emission lines},
	Month = jan,
	Pages = {L8},
	Primaryclass = {astro-ph.CO},
	Title = {{The origin of the broad line region in active galactic nuclei}},
	Volume = 525,
	Year = 2011,
	Bdsk-Url-1 = {http://dx.doi.org/10.1051/0004-6361/201016025}}

@ARTICLE{Czerny04,
   author = {{Czerny}, B. and {R{\'o}za{\'n}ska}, A. and {Kuraszkiewicz}, J.
	},
    title = "{Constraints for the accretion disk evaporation rate in AGN from the existence of the Broad Line Region}",
  journal = {\aap},
   eprint = {astro-ph/0403507},
 keywords = {accretion, accretion disks, galaxies: active, galaxies: Seyfert, X-rays: galaxies, quasars: emission lines},
     year = 2004,
    month = dec,
   volume = 428,
    pages = {39-49},
      doi = {10.1051/0004-6361:20040487},
   adsurl = {http://adsabs.harvard.edu/abs/2004A%26A...428...39C},
  adsnote = {Provided by the SAO/NASA Astrophysics Data System}
}


@article{Dorodnitsyn16,
	Adsnote = {Provided by the SAO/NASA Astrophysics Data System},
	Adsurl = {http://adsabs.harvard.edu/abs/2016ApJ...819..115D},
	Archiveprefix = {arXiv},
	Author = {{Dorodnitsyn}, A. and {Kallman}, T. and {Proga}, D.},
	Doi = {10.3847/0004-637X/819/2/115},
	Eid = {115},
	Eprint = {1512.03854},
	Journal = {\apj},
	Keywords = {accretion, accretion disks, galaxies: active, galaxies: Seyfert, radiation: dynamics},
	Month = mar,
	Pages = {115},
	Title = {{Parsec-scale Accretion and Winds Irradiated by a Quasar}},
	Volume = 819,
	Year = 2016,
	Bdsk-Url-1 = {http://dx.doi.org/10.3847/0004-637X/819/2/115}}

@article{Dorodnitsyn12b,
	Adsnote = {Provided by the SAO/NASA Astrophysics Data System},
	Adsurl = {http://adsabs.harvard.edu/abs/2012ApJ...761...70D},
	Archiveprefix = {arXiv},
	Author = {{Dorodnitsyn}, A. and {Kallman}, T.},
	Doi = {10.1088/0004-637X/761/1/70},
	Eid = {70},
	Eprint = {1211.6402},
	Journal = {\apj},
	Keywords = {acceleration of particles, galaxies: active, hydrodynamics, methods: numerical},
	Month = dec,
	Pages = {70},
	Primaryclass = {astro-ph.CO},
	Title = {{Active Galactic Nucleus Obscuration from Winds: From Dusty Infrared-driven to Warm and X-Ray Photoionized}},
	Volume = 761,
	Year = 2012,
	Bdsk-Url-1 = {http://dx.doi.org/10.1088/0004-637X/761/1/70}}

@article{Dorodnitsyn12a,
	Adsnote = {Provided by the SAO/NASA Astrophysics Data System},
	Adsurl = {http://adsabs.harvard.edu/abs/2012ApJ...747....8D},
	Archiveprefix = {arXiv},
	Author = {{Dorodnitsyn}, A. and {Kallman}, T. and {Bisnovatyi-Kogan}, G.~S.},
	Doi = {10.1088/0004-637X/747/1/8},
	Eid = {8},
	Eprint = {1111.2103},
	Journal = {\apj},
	Keywords = {acceleration of particles, galaxies: active, hydrodynamics, methods: numerical},
	Month = mar,
	Pages = {8},
	Primaryclass = {astro-ph.HE},
	Title = {{AGN Obscuration through Dusty, Infrared-dominated Flows. II. Multidimensional, Radiation-hydrodynamics Modeling}},
	Volume = 747,
	Year = 2012,
	Bdsk-Url-1 = {http://dx.doi.org/10.1088/0004-637X/747/1/8}}

@article{Dorodnitsyn11a,
	Adsnote = {Provided by the SAO/NASA Astrophysics Data System},
	Adsurl = {http://adsabs.harvard.edu/abs/2011ApJ...741...29D},
	Archiveprefix = {arXiv},
	Author = {{Dorodnitsyn}, A. and {Bisnovatyi-Kogan}, G.~S. and {Kallman}, T.},
	Doi = {10.1088/0004-637X/741/1/29},
	Eid = {29},
	Eprint = {1108.3766},
	Journal = {\apj},
	Keywords = {acceleration of particles, galaxies: active, hydrodynamics, methods: numerical},
	Month = nov,
	Pages = {29},
	Primaryclass = {astro-ph.HE},
	Title = {{Active Galactic Nucleus Obscuration through Dusty Infrared-dominated Flows. I. Radiation-hydrodynamics Solution for the Wind}},
	Volume = 741,
	Year = 2011,
	Bdsk-Url-1 = {http://dx.doi.org/10.1088/0004-637X/741/1/29}}

@article{Dorodnitsyn10,
	Adsnote = {Provided by the SAO/NASA Astrophysics Data System},
	Adsurl = {http://adsabs.harvard.edu/abs/2010ApJ...711L.112D},
	Archiveprefix = {arXiv},
	Author = {{Dorodnitsyn}, A. and {Kallman}, T.},
	Doi = {10.1088/2041-8205/711/2/L112},
	Eprint = {1001.5021},
	Journal = {\apjl},
	Keywords = {acceleration of particles, galaxies: active, hydrodynamics, methods: numerical, quasars: absorption lines, X-rays: galaxies},
	Month = mar,
	Pages = {L112-L116},
	Title = {{Active Galaxy Unification in the Era of X-Ray Polarimetry}},
	Volume = 711,
	Year = 2010,
	Bdsk-Url-1 = {http://dx.doi.org/10.1088/2041-8205/711/2/L112}}

@article{Dorodnitsyn09,
	Adsnote = {Provided by the SAO/NASA Astrophysics Data System},
	Adsurl = {http://adsabs.harvard.edu/abs/2009ApJ...703.1797D},
	Archiveprefix = {arXiv},
	Author = {{Dorodnitsyn}, A. and {Kallman}, T.},
	Doi = {10.1088/0004-637X/703/2/1797},
	Eprint = {0909.4228},
	Journal = {\apj},
	Keywords = {acceleration of particles, galaxies: active, hydrodynamics, methods: numerical, quasars: absorption lines, X-rays: galaxies},
	Month = oct,
	Pages = {1797-1809},
	Title = {{An Axisymmetric Hydrodynamical Model for the Torus Wind in Active Galactic Nucleus. III. Spectra from Three-Dimensional Radiation Transfer Calculations}},
	Volume = 703,
	Year = 2009,
	Bdsk-Url-1 = {http://dx.doi.org/10.1088/0004-637X/703/2/1797}}

@article{Dorodnitsyn08b,
	Adsnote = {Provided by the SAO/NASA Astrophysics Data System},
	Adsurl = {http://adsabs.harvard.edu/abs/2008ApJ...687...97D},
	Archiveprefix = {arXiv},
	Author = {{Dorodnitsyn}, A. and {Kallman}, T. and {Proga}, D.},
	Doi = {10.1086/591418},
	Eprint = {0806.3732},
	Journal = {\apj},
	Keywords = {Acceleration of Particles, Galaxies: Active, Hydrodynamics, Methods: Numerical, Galaxies: Quasars: Absorption Lines, X-Rays: Galaxies},
	Month = nov,
	Pages = {97-110},
	Title = {{An Axisymmetric, Hydrodynamical Model for the Torus Wind in Active Galactic Nuclei. II. X-Ray-Excited Funnel Flow}},
	Volume = 687,
	Year = 2008,
	Bdsk-Url-1 = {http://dx.doi.org/10.1086/591418}}

@article{Dorodnitsyn08a,
	Adsnote = {Provided by the SAO/NASA Astrophysics Data System},
	Adsurl = {http://adsabs.harvard.edu/abs/2008ApJ...675L...5D},
	Archiveprefix = {arXiv},
	Author = {{Dorodnitsyn}, A. and {Kallman}, T. and {Proga}, D.},
	Doi = {10.1086/529374},
	Eprint = {0801.1470},
	Journal = {\apjl},
	Keywords = {Acceleration of Particles, Galaxies: Active, Hydrodynamics, Methods: Numerical, Galaxies: Quasars: Absorption Lines, X-Rays: Galaxies},
	Month = mar,
	Pages = {L5-L8},
	Title = {{An Axisymmetric, Hydrodynamical Model for the Torus Wind in Active Galactic Nuclei}},
	Volume = 675,
	Year = 2008,
	Bdsk-Url-1 = {http://dx.doi.org/10.1086/529374}}

@article{DraineSalpeter79,
	Adsnote = {Provided by the SAO/NASA Astrophysics Data System},
	Adsurl = {http://adsabs.harvard.edu/abs/1979ApJ...231...77D},
	Author = {{Draine}, B.~T. and {Salpeter}, E.~E.},
	Doi = {10.1086/157165},
	Journal = {\apj},
	Keywords = {Cosmic Dust, Cosmic Plasma, Grains, High Temperature Gases, Sputtering, Interstellar Matter, Photoelectric Emission, Secondary Emission},
	Month = jul,
	Pages = {77-94},
	Title = {{On the physics of dust grains in hot gas}},
	Volume = 231,
	Year = 1979,
	Bdsk-Url-1 = {http://dx.doi.org/10.1086/157165}}

@article{Everett05,
	Adsnote = {Provided by the SAO/NASA Astrophysics Data System},
	Adsurl = {http://adsabs.harvard.edu/abs/2005ApJ...631..689E},
	Author = {{Everett}, J.~E.},
	Doi = {10.1086/432678},
	Eprint = {arXiv:astro-ph/0506321},
	Journal = {\apj},
	Keywords = {Galaxies: Active, Galaxies: Jets, Hydrodynamics, Magnetohydrodynamics: MHD, Galaxies: Quasars: General, Radiative Transfer},
	Month = oct,
	Pages = {689-706},
	Title = {{Radiative Transfer and Acceleration in Magnetocentrifugal Winds}},
	Volume = 631,
	Year = 2005,
	Bdsk-Url-1 = {http://dx.doi.org/10.1086/432678}}

@article{Elvis94,
	Adsnote = {Provided by the SAO/NASA Astrophysics Data System},
	Adsurl = {http://adsabs.harvard.edu/abs/1994ApJS...95....1E},
	Author = {{Elvis}, M. and {Wilkes}, B.~J. and {McDowell}, J.~C. and {Green}, R.~F. and {Bechtold}, J. and {Willner}, S.~P. and {Oey}, M.~S. and {Polomski}, E. and {Cutri}, R.},
	Doi = {10.1086/192093},
	Journal = {\apjs},
	Keywords = {ASTRONOMICAL CATALOGS, INFRARED PHOTOMETRY, QUASARS, RADIO ASTRONOMY, SPECTRAL ENERGY DISTRIBUTION, STELLAR LUMINOSITY, STELLAR SPECTROPHOTOMETRY, ULTRAVIOLET ASTRONOMY, X RAY SPECTRA, GALACTIC RADIATION, HEAO 2, INFRARED ASTRONOMY SATELLITE, IUE, SIGNAL TO NOISE RATIOS},
	Month = nov,
	Pages = {1-68},
	Title = {{Atlas of quasar energy distributions}},
	Volume = 95,
	Year = 1994,
	Bdsk-Url-1 = {http://dx.doi.org/10.1086/192093}}

@article{ElitzurShlosman06,
	Adsnote = {Provided by the SAO/NASA Astrophysics Data System},
	Adsurl = {http://adsabs.harvard.edu/abs/2006ApJ...648L.101E},
	Author = {{Elitzur}, M. and {Shlosman}, I.},
	Doi = {10.1086/508158},
	Eprint = {arXiv:astro-ph/0605686},
	Journal = {\apjl},
	Keywords = {Galaxies: Active, Galaxies: Nuclei, Galaxies: Seyfert, Infrared: Galaxies, Galaxies: Quasars: General},
	Month = sep,
	Pages = {L101-L104},
	Title = {{The AGN-obscuring Torus: The End of the ``Doughnut'' Paradigm?}},
	Volume = 648,
	Year = 2006,
	Bdsk-Url-1 = {http://dx.doi.org/10.1086/508158}}

@article{Elitzur08,
	Adsnote = {Provided by the SAO/NASA Astrophysics Data System},
	Adsurl = {http://adsabs.harvard.edu/abs/2008NewAR..52..274E},
	Archiveprefix = {arXiv},
	Author = {{Elitzur}, M.},
	Doi = {10.1016/j.newar.2008.06.010},
	Eprint = {0805.3699},
	Journal = {\nar},
	Month = aug,
	Pages = {274-288},
	Title = {{The toroidal obscuration of active galactic nuclei}},
	Volume = 52,
	Year = 2008,
	Bdsk-Url-1 = {http://dx.doi.org/10.1016/j.newar.2008.06.010}}

@article{Elitzur82,
	Author = {Elitzur, Moshe},
	Doi = {10.1103/RevModPhys.54.1225},
	Issue = {4},
	Journal = {Rev. Mod. Phys.},
	Month = {Oct},
	Pages = {1225--1260},
	Publisher = {American Physical Society},
	Title = {Physical characteristics of astronomical masers},
	Url = {http://link.aps.org/doi/10.1103/RevModPhys.54.1225},
	Volume = {54},
	Year = {1982},
	Bdsk-Url-1 = {http://link.aps.org/doi/10.1103/RevModPhys.54.1225},
	Bdsk-Url-2 = {http://dx.doi.org/10.1103/RevModPhys.54.1225}}

@inproceedings{Fabian10,
	Adsnote = {Provided by the SAO/NASA Astrophysics Data System},
	Adsurl = {http://adsabs.harvard.edu/abs/2010IAUS..267..341F},
	Archiveprefix = {arXiv},
	Author = {{Fabian}, A.~C.},
	Booktitle = {IAU Symposium},
	Doi = {10.1017/S1743921310006691},
	Eprint = {0912.0880},
	Keywords = {galaxies: active, black hole physics, X-rays: galaxies: clusters},
	Month = may,
	Pages = {341-349},
	Primaryclass = {astro-ph.CO},
	Series = {IAU Symposium},
	Title = {{Cosmic Feedback from AGN}},
	Volume = 267,
	Year = 2010,
	Bdsk-Url-1 = {http://dx.doi.org/10.1017/S1743921310006691}}

@article{Fedorenko_book,
	Author = {{Fedorenko}, R.},
	Journal = {Moscow Institute of Physics and Technology, Moscow (In Russian)},
	Keywords = {COMPUTATIONAL FLUID DYNAMICS, FLOW EQUATIONS, FLUID DYNAMICS, BOUNDARY LAYER FLOW, COMPRESSIBLE FLOW, CONVECTION, DIFFUSION, FINITE ELEMENT METHOD, FINITE VOLUME METHOD, GRID GENERATION (MATHEMATICS), INCOMPRESSIBLE FLOW, INVISCID FLOW, LINEAR EQUATIONS, NAVIER-STOKES EQUATION, NONLINEAR SYSTEMS, PARTIAL DIFFERENTIAL EQUATIONS, SPHERICAL COORDINATES, STEADY FLOW},
	Title = {{Introduction into the Computational Physics}},
	Year = 1994}

@article{Frenk99,
	Adsnote = {Provided by the SAO/NASA Astrophysics Data System},
	Adsurl = {http://adsabs.harvard.edu/abs/1999ApJ...525..554F},
	Author = {{Frenk}, C.~S. and {White}, S.~D.~M. and {Bode}, P. and {Bond}, J.~R. and {Bryan}, G.~L. and {Cen}, R. and {Couchman}, H.~M.~P. and {Evrard}, A.~E. and {Gnedin}, N. and {Jenkins}, A. and {Khokhlov}, A.~M. and {Klypin}, A. and {Navarro}, J.~F. and {Norman}, M.~L. and {Ostriker}, J.~P. and {Owen}, J.~M. and {Pearce}, F.~R. and {Pen}, U.-L. and {Steinmetz}, M. and {Thomas}, P.~A. and {Villumsen}, J.~V. and {Wadsley}, J.~W. and {Warren}, M.~S. and {Xu}, G. and {Yepes}, G.},
	Doi = {10.1086/307908},
	Eprint = {arXiv:astro-ph/9906160},
	Journal = {\apj},
	Keywords = {COSMOLOGY: THEORY, COSMOLOGY: DARK MATTER, GALAXIES: CLUSTERS: GENERAL, COSMOLOGY: LARGE-SCALE STRUCTURE OF UNIVERSE, X-RAYS: GALAXIES},
	Month = nov,
	Pages = {554-582},
	Title = {{The Santa Barbara Cluster Comparison Project: A Comparison of Cosmological Hydrodynamics Solutions}},
	Volume = 525,
	Year = 1999,
	Bdsk-Url-1 = {http://dx.doi.org/10.1086/307908}}

@article{Ferland98,
	Adsnote = {Provided by the SAO/NASA Astrophysics Data System},
	Adsurl = {http://adsabs.harvard.edu/abs/1998PASP..110..761F},
	Author = {{Ferland}, G.~J. and {Korista}, K.~T. and {Verner}, D.~A. and {Ferguson}, J.~W. and {Kingdon}, J.~B. and {Verner}, E.~M.},
	Doi = {10.1086/316190},
	Journal = {\pasp},
	Month = jul,
	Pages = {761-778},
	Title = {{CLOUDY 90: Numerical Simulation of Plasmas and Their Spectra}},
	Volume = 110,
	Year = 1998,
	Bdsk-Url-1 = {http://dx.doi.org/10.1086/316190}}

@article{ForganRice13,
	Adsnote = {Provided by the SAO/NASA Astrophysics Data System},
	Adsurl = {http://adsabs.harvard.edu/abs/2013MNRAS.430.2082F},
	Archiveprefix = {arXiv},
	Author = {{Forgan}, D. and {Rice}, K.},
	Doi = {10.1093/mnras/stt032},
	Eprint = {1301.1151},
	Journal = {\mnras},
	Keywords = {accretion, accretion discs, methods: analytical, stars: formation},
	Month = apr,
	Pages = {2082-2089},
	Primaryclass = {astro-ph.SR},
	Title = {{The effect of irradiation on the Jeans mass in fragmenting self-gravitating protostellar discs}},
	Volume = 430,
	Year = 2013,
	Bdsk-Url-1 = {http://dx.doi.org/10.1093/mnras/stt032}}

@article{Fletcher_book,
	Adsnote = {Provided by the SAO/NASA Astrophysics Data System},
	Adsurl = {http://adsabs.harvard.edu/abs/1988sv......1.....F},
	Author = {{Fletcher}, C.~A.~J.},
	Journal = {Shock and Vibration},
	Keywords = {COMPUTATIONAL FLUID DYNAMICS, FLOW EQUATIONS, FLUID DYNAMICS, BOUNDARY LAYER FLOW, COMPRESSIBLE FLOW, CONVECTION, DIFFUSION, FINITE ELEMENT METHOD, FINITE VOLUME METHOD, GRID GENERATION (MATHEMATICS), INCOMPRESSIBLE FLOW, INVISCID FLOW, LINEAR EQUATIONS, NAVIER-STOKES EQUATION, NONLINEAR SYSTEMS, PARTIAL DIFFERENTIAL EQUATIONS, SPHERICAL COORDINATES, STEADY FLOW},
	Title = {{Computational techniques for fluid dynamics. Volume 1 - Fundamental and general techniques. Volume 2 - Specific techniques for different flow categories}},
	Volume = 1,
	Year = 1988}

@article{Forgan11,
	Adsnote = {Provided by the SAO/NASA Astrophysics Data System},
	Adsurl = {http://adsabs.harvard.edu/abs/2011MNRAS.410..994F},
	Archiveprefix = {arXiv},
	Author = {{Forgan}, D. and {Rice}, K. and {Cossins}, P. and {Lodato}, G.},
	Doi = {10.1111/j.1365-2966.2010.17500.x},
	Eprint = {1008.1547},
	Journal = {\mnras},
	Keywords = {accretion, accretion discs, gravitation, instabilities, stars: formation, stars: general},
	Month = jan,
	Pages = {994-1006},
	Primaryclass = {astro-ph.SR},
	Title = {{The nature of angular momentum transport in radiative self-gravitating protostellar discs}},
	Volume = 410,
	Year = 2011,
	Bdsk-Url-1 = {http://dx.doi.org/10.1111/j.1365-2966.2010.17500.x}}

@article{Fleming03,
	Adsnote = {Provided by the SAO/NASA Astrophysics Data System},
	Adsurl = {http://adsabs.harvard.edu/abs/2003ApJ...585..908F},
	Author = {{Fleming}, T. and {Stone}, J.~M.},
	Doi = {10.1086/345848},
	Eprint = {arXiv:astro-ph/0210541},
	Journal = {\apj},
	Keywords = {Accretion, Accretion Disks, Magnetohydrodynamics: MHD},
	Month = mar,
	Pages = {908-920},
	Title = {{Local Magnetohydrodynamic Models of Layered Accretion Disks}},
	Volume = 585,
	Year = 2003,
	Bdsk-Url-1 = {http://dx.doi.org/10.1086/345848}}

@article{Forgan13,
	Adsnote = {Provided by the SAO/NASA Astrophysics Data System},
	Adsurl = {http://adsabs.harvard.edu/abs/2013MNRAS.430.2082F},
	Archiveprefix = {arXiv},
	Author = {{Forgan}, D. and {Rice}, K.},
	Doi = {10.1093/mnras/stt032},
	Eprint = {1301.1151},
	Journal = {\mnras},
	Keywords = {accretion, accretion discs, methods: analytical, stars: formation},
	Month = apr,
	Pages = {2082-2089},
	Primaryclass = {astro-ph.SR},
	Title = {{The effect of irradiation on the Jeans mass in fragmenting self-gravitating protostellar discs}},
	Volume = 430,
	Year = 2013,
	Bdsk-Url-1 = {http://dx.doi.org/10.1093/mnras/stt032}}

@article{Foulkes10,
	Adsnote = {Provided by the SAO/NASA Astrophysics Data System},
	Adsurl = {http://adsabs.harvard.edu/abs/2010MNRAS.401.1275F},
	Archiveprefix = {arXiv},
	Author = {{Foulkes}, S.~B. and {Haswell}, C.~A. and {Murray}, J.~R.},
	Doi = {10.1111/j.1365-2966.2009.15721.x},
	Eprint = {1001.1520},
	Journal = {\mnras},
	Keywords = {accretion, accretion discs, methods: numerical, binaries: close, stars: individual: HerX-1, X-rays: binaries},
	Month = jan,
	Pages = {1275-1289},
	Primaryclass = {astro-ph.HE},
	Title = {{SPH simulations of irradiation-driven warped accretion discs and the long periods in X-ray binaries}},
	Volume = 401,
	Year = 2010,
	Bdsk-Url-1 = {http://dx.doi.org/10.1111/j.1365-2966.2009.15721.x}}

@ARTICLE{FromangPapaloizou07,
   author = {{Fromang}, S. and {Papaloizou}, J.},
    title = {MHD simulations of the magnetorotational instability in a 
shearing box with zero net flux. I. The issue of convergence},
  journal = {\aap},
archivePrefix = "arXiv",
   eprint = {0705.3621},
 keywords = {accretion, accretion disks, magnetohydrodynamics (MHD), methods: numerical},
     year = 2007,
    month = dec,
   volume = 476,
    pages = {1113-1122},
      doi = {10.1051/0004-6361:20077942},
   adsurl = {http://adsabs.harvard.edu/abs/2007A%26A...476.1113F},
  adsnote = {Provided by the SAO/NASA Astrophysics Data System}}


@article{Fromang04a,
	Adsnote = {Provided by the SAO/NASA Astrophysics Data System},
	Adsurl = {http://adsabs.harvard.edu/abs/2004ApJ...616..364F},
	Author = {{Fromang}, S. and {Balbus}, S.~A. and {Terquem}, C. and {De Villiers}, J.-P.},
	Doi = {10.1086/424829},
	Eprint = {arXiv:astro-ph/0409404},
	Journal = {\apj},
	Keywords = {Accretion, Accretion Disks, Instabilities, Magnetohydrodynamics: MHD, Turbulence},
	Month = nov,
	Pages = {364-375},
	Title = {{Evolution of Self-Gravitating Magnetized Disks. II. Interaction between Magnetohydrodynamic Turbulence and Gravitational Instabilities}},
	Volume = 616,
	Year = 2004,
	Bdsk-Url-1 = {http://dx.doi.org/10.1086/424829}}

@article{Fromang04b,
	Adsnote = {Provided by the SAO/NASA Astrophysics Data System},
	Adsurl = {http://adsabs.harvard.edu/abs/2004ApJ...616..357F},
	Author = {{Fromang}, S. and {Balbus}, S.~A. and {De Villiers}, J.-P.},
	Doi = {10.1086/424828},
	Eprint = {arXiv:astro-ph/0310869},
	Journal = {\apj},
	Keywords = {Accretion, Accretion Disks, Gravitation, Methods: Numerical, Magnetohydrodynamics: MHD},
	Month = nov,
	Pages = {357-363},
	Title = {{Evolution of Self-Gravitating Magnetized Disks. I. Axisymmetric Simulations}},
	Volume = 616,
	Year = 2004,
	Bdsk-Url-1 = {http://dx.doi.org/10.1086/424828}}
@ARTICLE{Fukumura2010,
   author = {{Fukumura}, K. and {Kazanas}, D. and {Contopoulos}, I. and {Behar}, E.
	},
    title = "{Modeling High-velocity QSO Absorbers with Photoionized Magnetohydrodynamic Disk Winds}",
  journal = {\apjl},
archivePrefix = "arXiv",
   eprint = {1009.5644},
 primaryClass = "astro-ph.HE",
 keywords = {accretion, accretion disks, galaxies: active, methods: numerical, quasars: absorption lines, X-rays: galaxies},
     year = 2010,
    month = nov,
   volume = 723,
    pages = {L228-L232},
      doi = {10.1088/2041-8205/723/2/L228},
   adsurl = {http://adsabs.harvard.edu/abs/2010ApJ...723L.228F},
  adsnote = {Provided by the SAO/NASA Astrophysics Data System}
}

@article{Gabel03,
	Adsnote = {Provided by the SAO/NASA Astrophysics Data System},
	Adsurl = {http://adsabs.harvard.edu/abs/2003ApJ...595..120G},
	Author = {{Gabel}, J.~R. and {Crenshaw}, D.~M. and {Kraemer}, S.~B. and {Brandt}, W.~N. and {George}, I.~M. and {Hamann}, F.~W. and {Kaiser}, M.~E. and {Kaspi}, S. and {Kriss}, G.~A. and {Mathur}, S. and {Mushotzky}, R.~F. and {Nandra}, K. and {Netzer}, H. and {Peterson}, B.~M. and {Shields}, J.~C. and {Turner}, T.~J. and {Zheng}, W.},
	Doi = {10.1086/377342},
	Eprint = {arXiv:astro-ph/0306201},
	Journal = {\apj},
	Keywords = {Galaxies: Active, Galaxies: Individual: NGC Number: NGC 3783, Galaxies: Seyfert, Ultraviolet: Galaxies},
	Month = sep,
	Pages = {120-126},
	Title = {{The Ionized Gas and Nuclear Environment in NGC 3783. III. Detection of a Decreasing Radial Velocity in an Intrinsic Ultraviolet Absorber}},
	Volume = 595,
	Year = 2003,
	Bdsk-Url-1 = {http://dx.doi.org/10.1086/377342}}

@article{Gammie01,
	Author = {{Gammie}, C.~F.},
	Journal = {\apj},
	Month = may,
	Pages = {174-183},
	Title = {Nonlinear Outcome of Gravitational Instability in Cooling, Gaseous Disks},
	Volume = 590,
	Year = 2001}

@article{Gibson09,
	Adsnote = {Provided by the SAO/NASA Astrophysics Data System},
	Adsurl = {http://adsabs.harvard.edu/abs/2009ApJ...692..758G},
	Archiveprefix = {arXiv},
	Author = {{Gibson}, R.~R. and {Jiang}, L. and {Brandt}, W.~N. and {Hall}, P.~B. and {Shen}, Y. and {Wu}, J. and {Anderson}, S.~F. and {Schneider}, D.~P. and {Vanden Berk}, D. and {Gallagher}, S.~C. and {Fan}, X. and {York}, D.~G.},
	Doi = {10.1088/0004-637X/692/1/758},
	Eprint = {0810.2747},
	Journal = {\apj},
	Keywords = {galaxies: active, galaxies: nuclei, quasars: absorption lines, quasars: emission lines, X-rays: general},
	Month = feb,
	Pages = {758-777},
	Title = {{A Catalog of Broad Absorption Line Quasars in Sloan Digital Sky Survey Data Release 5}},
	Volume = 692,
	Year = 2009,
	Bdsk-Url-1 = {http://dx.doi.org/10.1088/0004-637X/692/1/758}}

@article{Gilman72,
	Adsnote = {Provided by the SAO/NASA Astrophysics Data System},
	Adsurl = {http://adsabs.harvard.edu/abs/1972ApJ...178..423G},
	Author = {{Gilman}, R.~C.},
	Doi = {10.1086/151800},
	Journal = {\apj},
	Month = dec,
	Pages = {423-426},
	Title = {{On the Coupling of Grains to the Gas in Circumstellar Envelopes}},
	Volume = 178,
	Year = 1972,
	Bdsk-Url-1 = {http://dx.doi.org/10.1086/151800}}

@article{Gofford11,
	Adsnote = {Provided by the SAO/NASA Astrophysics Data System},
	Adsurl = {http://adsabs.harvard.edu/abs/2011MNRAS.414.3307G},
	Archiveprefix = {arXiv},
	Author = {{Gofford}, J. and {Reeves}, J.~N. and {Turner}, T.~J. and {Tombesi}, F. and {Braito}, V. and {Porquet}, D. and {Miller}, L. and {Kraemer}, S.~B. and {Fukazawa}, Y.},
	Doi = {10.1111/j.1365-2966.2011.18634.x},
	Eprint = {1103.0661},
	Journal = {\mnras},
	Keywords = {galaxies: active, galaxies: individual: MR 2251-178, X-rays: galaxies},
	Month = jul,
	Pages = {3307-3321},
	Primaryclass = {astro-ph.HE},
	Title = {{A broad-band X-ray view of the warm absorber in radio-quiet quasar MR 2251-178}},
	Volume = 414,
	Year = 2011,
	Bdsk-Url-1 = {http://dx.doi.org/10.1111/j.1365-2966.2011.18634.x}}

@article{Goodman03,
	Adsnote = {Provided by the SAO/NASA Astrophysics Data System},
	Adsurl = {http://adsabs.harvard.edu/abs/2003MNRAS.339..937G},
	Author = {{Goodman}, J.},
	Doi = {10.1046/j.1365-8711.2003.06241.x},
	Eprint = {arXiv:astro-ph/0201001},
	Journal = {\mnras},
	Keywords = {accretion, accretion discs, gravitation, quasars: general},
	Month = mar,
	Pages = {937-948},
	Title = {{Self-gravity and quasi-stellar object discs}},
	Volume = 339,
	Year = 2003,
	Bdsk-Url-1 = {http://dx.doi.org/10.1046/j.1365-8711.2003.06241.x}}

@article{Goulding12,
	Adsnote = {Provided by the SAO/NASA Astrophysics Data System},
	Adsurl = {http://adsabs.harvard.edu/abs/2012ApJ...755....5G},
	Archiveprefix = {arXiv},
	Author = {{Goulding}, A.~D. and {Alexander}, D.~M. and {Bauer}, F.~E. and {Forman}, W.~R. and {Hickox}, R.~C. and {Jones}, C. and {Mullaney}, J.~R. and {Trichas}, M.},
	Doi = {10.1088/0004-637X/755/1/5},
	Eid = {5},
	Eprint = {1205.1800},
	Journal = {\apj},
	Keywords = {galaxies: active, galaxies: Seyfert, infrared: galaxies, X-rays: galaxies},
	Month = aug,
	Pages = {5},
	Primaryclass = {astro-ph.GA},
	Title = {{Deep Silicate Absorption Features in Compton-thick Active Galactic Nuclei Predominantly Arise due to Dust in the Host Galaxy}},
	Volume = 755,
	Year = 2012,
	Bdsk-Url-1 = {http://dx.doi.org/10.1088/0004-637X/755/1/5}}

@article{Greenhill03,
	Adsnote = {Provided by the SAO/NASA Astrophysics Data System},
	Adsurl = {http://adsabs.harvard.edu/abs/2003ApJ...590..162G},
	Author = {{Greenhill}, L.~J. and {Booth}, R.~S. and {Ellingsen}, S.~P. and {Herrnstein}, J.~R. and {Jauncey}, D.~L. and {McCulloch}, P.~M. and {Moran}, J.~M. and {Norris}, R.~P. and {Reynolds}, J.~E. and {Tzioumis}, A.~K.},
	Doi = {10.1086/374862},
	Eprint = {arXiv:astro-ph/0302533},
	Journal = {\apj},
	Keywords = {Galaxies: Active, Galaxies: Individual: Name: Circinus, Galaxies: Seyfert, ISM: Jets and Outflows, ISM: Molecules, Masers},
	Month = jun,
	Pages = {162-173},
	Title = {{A Warped Accretion Disk and Wide-Angle Outflow in the Inner Parsec of the Circinus Galaxy}},
	Volume = 590,
	Year = 2003,
	Bdsk-Url-1 = {http://dx.doi.org/10.1086/374862}}

@article{Grimes04,
	Adsnote = {Provided by the SAO/NASA Astrophysics Data System},
	Adsurl = {http://adsabs.harvard.edu/abs/2004MNRAS.349..503G},
	Author = {{Grimes}, J.~A. and {Rawlings}, S. and {Willott}, C.~J.},
	Doi = {10.1111/j.1365-2966.2004.07510.x},
	Eprint = {arXiv:astro-ph/0311366},
	Journal = {\mnras},
	Keywords = {galaxies: active, galaxies: evolution, quasars: general},
	Month = apr,
	Pages = {503-517},
	Title = {{Implications for unified schemes from the quasar fraction and emission-line luminosities in radio-selected samples}},
	Volume = 349,
	Year = 2004,
	Bdsk-Url-1 = {http://dx.doi.org/10.1111/j.1365-2966.2004.07510.x}}

@ARTICLE{Hawley2013,
   author = {{Hawley}, J.~F. and {Richers}, S.~A. and {Guan}, X. and {Krolik}, J.~H.
	},
    title = "{Testing Convergence for Global Accretion Disks}",
  journal = {\apj},
archivePrefix = "arXiv",
   eprint = {1306.0243},
 primaryClass = "astro-ph.IM",
 keywords = {accretion, accretion disks, black hole physics, magnetohydrodynamics: MHD, methods: numerical },
     year = 2013,
    month = aug,
   volume = 772,
      eid = {102},
    pages = {102},
      doi = {10.1088/0004-637X/772/2/102},
   adsurl = {http://cdsads.u-strasbg.fr/abs/2013ApJ...772..102H},
  adsnote = {Provided by the SAO/NASA Astrophysics Data System}
}



@article{HawleyKrolik2001,
	Adsnote = {Provided by the SAO/NASA Astrophysics Data System},
	Adsurl = {http://adsabs.harvard.edu/abs/2001ApJ...548..348H},
	Author = {{Hawley}, J.~F. and {Krolik}, J.~H.},
	Doi = {10.1086/318678},
	Eprint = {astro-ph/0006456},
	Journal = {\apj},
	Keywords = {Accretion, Accretion Disks, Instabilities, Magnetohydrodynamics: MHD, Black Hole Physics},
	Month = feb,
	Pages = {348-367},
	Title = {{Global MHD Simulation of the Inner Accretion Disk in a Pseudo-Newtonian Potential}},
	Volume = 548,
	Year = 2001,
	Bdsk-Url-1 = {http://dx.doi.org/10.1086/318678}}

@article{Hawley2000,
	Adsnote = {Provided by the SAO/NASA Astrophysics Data System},
	Adsurl = {http://adsabs.harvard.edu/abs/2000ApJ...528..462H},
	Author = {{Hawley}, J.~F.},
	Doi = {10.1086/308180},
	Eprint = {astro-ph/9907385},
	Journal = {\apj},
	Keywords = {ACCRETION, ACCRETION DISKS, INSTABILITIES, MAGNETOHYDRODYNAMICS: MHD, Accretion, Accretion Disks, Instabilities, Magnetohydrodynamics: MHD},
	Month = jan,
	Pages = {462-479},
	Title = {{Global Magnetohydrodynamical Simulations of Accretion Tori}},
	Volume = 528,
	Year = 2000,
	Bdsk-Url-1 = {http://dx.doi.org/10.1086/308180}}

@ARTICLE{Hawley95SBox,
   author = {{Hawley}, J.~F. and {Gammie}, C.~F. and {Balbus}, S.~A.},
    title = "{Local Three-dimensional Magnetohydrodynamic Simulations of Accretion Disks}",
  journal = {\apj},
 keywords = {ACCRETION, ACCRETION DISKS, INSTABILITIES, MAGNETOHYDRODYNAMICS: MHD},
     year = 1995,
    month = feb,
   volume = 440,
    pages = {742},
      doi = {10.1086/175311},
   adsurl = {http://adsabs.harvard.edu/abs/1995ApJ...440..742H},
  adsnote = {Provided by the SAO/NASA Astrophysics Data System}
}

@article{Hawley95,
	Adsnote = {Provided by the SAO/NASA Astrophysics Data System},
	Adsurl = {http://adsabs.harvard.edu/abs/1995CoPhC..89..127H},
	Author = {{Hawley}, J.~F. and {Stone}, J.~M.},
	Doi = {10.1016/0010-4655(95)00190-Q},
	Journal = {Computer Physics Communications},
	Month = aug,
	Pages = {127-148},
	Title = {{MOCCT: A numerical technique for astrophysical MHD}},
	Volume = 89,
	Year = 1995,
	Bdsk-Url-1 = {http://dx.doi.org/10.1016/0010-4655(95)00190-Q}}

@article{Hopkins12,
	Adsnote = {Provided by the SAO/NASA Astrophysics Data System},
	Adsurl = {http://adsabs.harvard.edu/abs/2012MNRAS.420..320H},
	Archiveprefix = {arXiv},
	Author = {{Hopkins}, P.~F. and {Hayward}, C.~C. and {Narayanan}, D. and {Hernquist}, L.},
	Doi = {10.1111/j.1365-2966.2011.20035.x},
	Eprint = {1108.3086},
	Journal = {\mnras},
	Keywords = {galaxies: active, galaxies: evolution, quasars: general, cosmology: theory},
	Month = feb,
	Pages = {320-339},
	Primaryclass = {astro-ph.CO},
	Title = {{The origins of active galactic nuclei obscuration: the 'torus' as a dynamical, unstable driver of accretion}},
	Volume = 420,
	Year = 2012,
	Bdsk-Url-1 = {http://dx.doi.org/10.1111/j.1365-2966.2011.20035.x}}

@article{Hopkins10,
	Adsnote = {Provided by the SAO/NASA Astrophysics Data System},
	Adsurl = {http://adsabs.harvard.edu/abs/2010MNRAS.407.1529H},
	Archiveprefix = {arXiv},
	Author = {{Hopkins}, P.~F. and {Quataert}, E.},
	Doi = {10.1111/j.1365-2966.2010.17064.x},
	Eprint = {0912.3257},
	Journal = {\mnras},
	Keywords = {galaxies: active, galaxies: evolution, quasars: general, cosmology: theory},
	Month = sep,
	Pages = {1529-1564},
	Primaryclass = {astro-ph.CO},
	Title = {{How do massive black holes get their gas?}},
	Volume = 407,
	Year = 2010,
	Bdsk-Url-1 = {http://dx.doi.org/10.1111/j.1365-2966.2010.17064.x}}

@article{Hopkins05,
	Adsnote = {Provided by the SAO/NASA Astrophysics Data System},
	Adsurl = {http://adsabs.harvard.edu/abs/2005ApJ...625L..71H},
	Author = {{Hopkins}, P.~F. and {Hernquist}, L. and {Martini}, P. and {Cox}, T.~J. and {Robertson}, B. and {Di Matteo}, T. and {Springel}, V.},
	Doi = {10.1086/431146},
	Eprint = {astro-ph/0502241},
	Journal = {\apjl},
	Keywords = {Cosmology: Theory, Galaxies: Active, Galaxies: Evolution, Galaxies: Nuclei, Galaxies: Quasars: General},
	Month = jun,
	Pages = {L71-L74},
	Title = {{A Physical Model for the Origin of Quasar Lifetimes}},
	Volume = 625,
	Year = 2005,
	Bdsk-Url-1 = {http://dx.doi.org/10.1086/431146}}

@article{Hao05a,
	Adsnote = {Provided by the SAO/NASA Astrophysics Data System},
	Adsurl = {http://adsabs.harvard.edu/abs/2005ApJ...625L..75H},
	Author = {{Hao}, L. and {Spoon}, H.~W.~W. and {Sloan}, G.~C. and {Marshall}, J.~A. and {Armus}, L. and {Tielens}, A.~G.~G.~M. and {Sargent}, B. and {van Bemmel}, I.~M. and {Charmandaris}, V. and {Weedman}, D.~W. and {Houck}, J.~R.},
	Doi = {10.1086/431227},
	Eprint = {arXiv:astro-ph/0504423},
	Journal = {\apjl},
	Keywords = {Galaxies: Active, Galaxies: ISM, Infrared: Galaxies, Galaxies: Quasars: Emission Lines},
	Month = jun,
	Pages = {L75-L78},
	Title = {{The Detection of Silicate Emission from Quasars at 10 and 18 Microns}},
	Volume = 625,
	Year = 2005,
	Bdsk-Url-1 = {http://dx.doi.org/10.1086/431227}}

@article{Higginbottom14,
	Adsnote = {Provided by the SAO/NASA Astrophysics Data System},
	Adsurl = {http://adsabs.harvard.edu/abs/2014ApJ...789...19H},
	Archiveprefix = {arXiv},
	Author = {{Higginbottom}, N. and {Proga}, D. and {Knigge}, C. and {Long}, K.~S. and {Matthews}, J.~H. and {Sim}, S.~A.},
	Doi = {10.1088/0004-637X/789/1/19},
	Eid = {19},
	Eprint = {1402.1849},
	Journal = {\apj},
	Keywords = {accretion, accretion disks, galaxies: active, methods: numerical, quasars: general, radiative transfer},
	Month = jul,
	Pages = {19},
	Title = {{Line-driven Disk Winds in Active Galactic Nuclei: The Critical Importance of Ionization and Radiative Transfer}},
	Volume = 789,
	Year = 2014,
	Bdsk-Url-1 = {http://dx.doi.org/10.1088/0004-637X/789/1/19}}

@article{Hao05b,
	Adsnote = {Provided by the SAO/NASA Astrophysics Data System},
	Adsurl = {http://adsabs.harvard.edu/abs/2005AJ....129.1795H},
	Author = {{Hao}, L. and {Strauss}, M.~A. and {Fan}, X. and {Tremonti}, C.~A. and {Schlegel}, D.~J. and {Heckman}, T.~M. and {Kauffmann}, G. and {Blanton}, M.~R. and {Gunn}, J.~E. and {Hall}, P.~B. and {Ivezi{\'c}}, {\v Z}. and {Knapp}, G.~R. and {Krolik}, J.~H. and {Lupton}, R.~H. and {Richards}, G.~T. and {Schneider}, D.~P. and {Strateva}, I.~V. and {Zakamska}, N.~L. and {Brinkmann}, J. and {Szokoly}, G.~P.},
	Doi = {10.1086/428486},
	Eprint = {arXiv:astro-ph/0501042},
	Journal = {\aj},
	Keywords = {Galaxies: Active, Galaxies: Seyfert, Galaxies: Starburst, Galaxies: Quasars: Emission Lines, Surveys},
	Month = apr,
	Pages = {1795-1808},
	Title = {{Active Galactic Nuclei in the Sloan Digital Sky Survey. II. Emission-Line Luminosity Function}},
	Volume = 129,
	Year = 2005,
	Bdsk-Url-1 = {http://dx.doi.org/10.1086/428486}}

@article{Hayes06,
	Adsnote = {Provided by the SAO/NASA Astrophysics Data System},
	Adsurl = {http://adsabs.harvard.edu/abs/2006ApJS..165..188H},
	Author = {{Hayes}, J.~C. and {Norman}, M.~L. and {Fiedler}, R.~A. and {Bordner}, J.~O. and {Li}, P.~S. and {Clark}, S.~E. and {ud-Doula}, A. and {Mac Low}, {M.-M.}},
	Doi = {10.1086/504594},
	Eprint = {arXiv:astro-ph/0511545},
	Journal = {\apjs},
	Keywords = {Hydrodynamics, Methods: Numerical, Magnetohydrodynamics: MHD, Radiative Transfer},
	Month = jul,
	Pages = {188-228},
	Title = {{Simulating Radiating and Magnetized Flows in Multiple Dimensions with ZEUS-MP}},
	Volume = 165,
	Year = 2006,
	Bdsk-Url-1 = {http://dx.doi.org/10.1086/504594}}

@article{Halpern84,
	Adsnote = {Provided by the SAO/NASA Astrophysics Data System},
	Adsurl = {http://adsabs.harvard.edu/abs/1984ApJ...281...90H},
	Author = {{Halpern}, J.~P.},
	Doi = {10.1086/162077},
	Journal = {\apj},
	Keywords = {QUASARS, X RAY ABSORPTION, X RAY SOURCES, BACKGROUND RADIATION, HEAO 2, PROPORTIONAL COUNTERS, X RAY SPECTRA},
	Month = jun,
	Pages = {90-94},
	Title = {{Variable X-ray absorption in the QSO MR 2251 - 178}},
	Volume = 281,
	Year = 1984,
	Bdsk-Url-1 = {http://dx.doi.org/10.1086/162077}}

@article{Harrison12,
	Adsnote = {Provided by the SAO/NASA Astrophysics Data System},
	Adsurl = {http://adsabs.harvard.edu/abs/2012MNRAS.426.1073H},
	Archiveprefix = {arXiv},
	Author = {{Harrison}, C.~M. and {Alexander}, D.~M. and {Swinbank}, A.~M. and {Smail}, I. and {Alaghband-Zadeh}, S. and {Bauer}, F.~E. and {Chapman}, S.~C. and {Del Moro}, A. and {Hickox}, R.~C. and {Ivison}, R.~J. and {Men{\'e}ndez-Delmestre}, K. and {Mullaney}, J.~R. and {Nesvadba}, N.~P.~H.},
	Doi = {10.1111/j.1365-2966.2012.21723.x},
	Eprint = {1205.1801},
	Journal = {\mnras},
	Keywords = {galaxies: evolution, galaxies: high-redshift, galaxies: star formation, submillimetre: galaxies},
	Month = oct,
	Pages = {1073-1096},
	Primaryclass = {astro-ph.CO},
	Title = {{Energetic galaxy-wide outflows in high-redshift ultraluminous infrared galaxies hosting AGN activity}},
	Volume = 426,
	Year = 2012,
	Bdsk-Url-1 = {http://dx.doi.org/10.1111/j.1365-2966.2012.21723.x}}

@article{Honig12,
	Adsnote = {Provided by the SAO/NASA Astrophysics Data System},
	Adsurl = {http://adsabs.harvard.edu/abs/2012ApJ...755..149H},
	Archiveprefix = {arXiv},
	Author = {{H{\"o}nig}, S.~F. and {Kishimoto}, M. and {Antonucci}, R. and {Marconi}, A. and {Prieto}, M.~A. and {Tristram}, K. and {Weigelt}, G.},
	Doi = {10.1088/0004-637X/755/2/149},
	Eid = {149},
	Eprint = {1206.4307},
	Journal = {\apj},
	Keywords = {galaxies: active, galaxies: individual: NGC 424, galaxies: Seyfert, infrared: galaxies, techniques: high angular resolution},
	Month = aug,
	Pages = {149},
	Primaryclass = {astro-ph.CO},
	Title = {{Parsec-scale Dust Emission from the Polar Region in the Type 2 Nucleus of NGC 424}},
	Volume = 755,
	Year = 2012,
	Bdsk-Url-1 = {http://dx.doi.org/10.1088/0004-637X/755/2/149}}

@article{Honig13,
	Adsnote = {Provided by the SAO/NASA Astrophysics Data System},
	Adsurl = {http://adsabs.harvard.edu/abs/2013ApJ...771...87H},
	Archiveprefix = {arXiv},
	Author = {{H{\"o}nig}, S.~F. and {Kishimoto}, M. and {Tristram}, K.~R.~W. and {Prieto}, M.~A. and {Gandhi}, P. and {Asmus}, D. and {Antonucci}, R. and {Burtscher}, L. and {Duschl}, W.~J. and {Weigelt}, G.},
	Doi = {10.1088/0004-637X/771/2/87},
	Eid = {87},
	Eprint = {1306.4312},
	Journal = {\apj},
	Keywords = {galaxies: active, galaxies: individual: NGC 3783, galaxies: Seyfert, infrared: galaxies, techniques: high angular resolution},
	Month = jul,
	Pages = {87},
	Primaryclass = {astro-ph.CO},
	Title = {{Dust in the Polar Region as a Major Contributor to the Infrared Emission of Active Galactic Nuclei}},
	Volume = 771,
	Year = 2013,
	Bdsk-Url-1 = {http://dx.doi.org/10.1088/0004-637X/771/2/87}}

@article{HonigBeckert07,
	Adsnote = {Provided by the SAO/NASA Astrophysics Data System},
	Adsurl = {http://adsabs.harvard.edu/abs/2007MNRAS.380.1172H},
	Author = {{H{\"o}nig}, S.~F. and {Beckert}, T.},
	Doi = {10.1111/j.1365-2966.2007.12157.x},
	Journal = {\mnras},
	Keywords = {galaxies: active, galaxies: nuclei, quasars: general, galaxies: Seyfert},
	Month = sep,
	Pages = {1172-1176},
	Title = {{Active galactic nuclei dust tori at low and high luminosities}},
	Volume = 380,
	Year = 2007,
	Bdsk-Url-1 = {http://dx.doi.org/10.1111/j.1365-2966.2007.12157.x}}

@article{Honig10,
	Adsnote = {Provided by the SAO/NASA Astrophysics Data System},
	Adsurl = {http://adsabs.harvard.edu/abs/2010A%26A...515A..23H},
	Archiveprefix = {arXiv},
	Author = {{H{\"o}nig}, S.~F. and {Kishimoto}, M. and {Gandhi}, P. and {Smette}, A. and {Asmus}, D. and {Duschl}, W. and {Polletta}, M. and {Weigelt}, G.},
	Doi = {10.1051/0004-6361/200913742},
	Eid = {A23},
	Eprint = {1003.0920},
	Journal = {\aap},
	Keywords = {galaxies: Seyfert, galaxies: nuclei, galaxies: active, infrared: galaxies, X-rays: galaxies},
	Month = jun,
	Pages = {A23},
	Primaryclass = {astro-ph.CO},
	Title = {{The dusty heart of nearby active galaxies. I. High-spatial resolution mid-IR spectro-photometry of Seyfert galaxies}},
	Volume = 515,
	Year = 2010,
	Bdsk-Url-1 = {http://dx.doi.org/10.1051/0004-6361/200913742}}

@article{Horst09,
	Adsnote = {Provided by the SAO/NASA Astrophysics Data System},
	Adsurl = {http://adsabs.harvard.edu/abs/2009A%26A...495..137H},
	Archiveprefix = {arXiv},
	Author = {{Horst}, H. and {Duschl}, W.~J. and {Gandhi}, P. and {Smette}, A.},
	Doi = {10.1051/0004-6361:200809878},
	Eprint = {0901.0106},
	Journal = {\aap},
	Month = feb,
	Pages = {137-146},
	Primaryclass = {astro-ph.GA},
	Title = {{Mid-infrared imaging of 25 local AGN with VLT-VISIR}},
	Volume = 495,
	Year = 2009,
	Bdsk-Url-1 = {http://dx.doi.org/10.1051/0004-6361:200809878}}


@ARTICLE{Impellizzeri2018,       
       author = {{Impellizzeri}, C.~M. Violette and {Gallimore}, Jack F. and
         {Baum}, Stefi A. and {Elitzur}, Moshe and {Davies}, Richard and
         {Lutz}, Dieter and {Maiolino}, Roberto and {Marconi}, Alessandro and
         {Nikutta}, Robert and {O'Dea}, Christopher P. and {Sani}, Eleonora},
        title = "{Counter-rotation and High-velocity Outflow in the Parsec-scale Molecular Torus of NGC 1068}",
      journal = {\apjl},
     keywords = {galaxies: active, Interstellar medium, quasars: supermassive black holes, Radio interferometry, Seyfert galaxies, Astrophysics - Astrophysics of Galaxies},
         year = "2019",
        month = "Oct",
       volume = {884},
       number = {2},
          eid = {L28},
        pages = {L28},
          doi = {10.3847/2041-8213/ab3c64},
archivePrefix = {arXiv},
       eprint = {1908.07981},
 primaryClass = {astro-ph.GA},
       adsurl = {https://ui.adsabs.harvard.edu/abs/2019ApJ...884L..28I},
      adsnote = {Provided by the SAO/NASA Astrophysics Data System}
}

@ARTICLE{Imanishi18,
author = {{Imanishi}, Masatoshi and {Nakanishi}, Kouichiro and {Izumi}, Takuma and
         {Wada}, Keiichi},
        title = "{ALMA Reveals an Inhomogeneous Compact Rotating Dense Molecular Torus at the NGC 1068 Nucleus}",
      journal = {\apjl},
     keywords = {galaxies: active, galaxies: nuclei, galaxies: Seyfert, Astrophysics - Astrophysics of Galaxies},
         year = "2018",
        month = "Feb",
       volume = {853},
       number = {2},
          eid = {L25},
        pages = {L25},
          doi = {10.3847/2041-8213/aaa8df},
archivePrefix = {arXiv},
       eprint = {1801.06564},
 primaryClass = {astro-ph.GA},
       adsurl = {https://ui.adsabs.harvard.edu/abs/2018ApJ...853L..25I},
      adsnote = {Provided by the SAO/NASA Astrophysics Data System}
}

@ARTICLE{Impellizzeri2019ApJ,
       author = {{Impellizzeri}, C.~M. Violette and {Gallimore}, Jack F. and
         {Baum}, Stefi A. and {Elitzur}, Moshe and {Davies}, Richard and
         {Lutz}, Dieter and {Maiolino}, Roberto and {Marconi}, Alessandro and
         {Nikutta}, Robert and {O'Dea}, Christopher P. and {Sani}, Eleonora},
        title = "{Counter-rotation and High-velocity Outflow in the Parsec-scale Molecular Torus of NGC 1068}",
      journal = {\apjl},
     keywords = {galaxies: active, Interstellar medium, quasars: supermassive black holes, Radio interferometry, Seyfert galaxies, Astrophysics - Astrophysics of Galaxies},
         year = "2019",
        month = "Oct",
       volume = {884},
       number = {2},
          eid = {L28},
        pages = {L28},
          doi = {10.3847/2041-8213/ab3c64},
archivePrefix = {arXiv},
       eprint = {1908.07981},
 primaryClass = {astro-ph.GA},
       adsurl = {https://ui.adsabs.harvard.edu/abs/2019ApJ...884L..28I},
      adsnote = {Provided by the SAO/NASA Astrophysics Data System}
}



@article{SimisIcke2001,
	Adsnote = {Provided by the SAO/NASA Astrophysics Data System},
	Adsurl = {http://adsabs.harvard.edu/abs/2001A%26A...371..205S},
	Author = {{Simis}, Y.~J.~W. and {Icke}, V. and {Dominik}, C.},
	Doi = {10.1051/0004-6361:20010341},
	Eprint = {astro-ph/0103347},
	Journal = {\aap},
	Keywords = {HYDRODYNAMICS, METHODS: NUMERICAL, STARS: AGB AND POST-AGB, STARS: MASS LOSS, STARS: WINDS, OUTFLOWS, STARS: INDIVIDUAL: IRC +10216},
	Month = may,
	Pages = {205-221},
	Title = {{Origin of quasi-periodic shells in dust forming AGB winds}},
	Volume = 371,
	Year = 2001,
	Bdsk-Url-1 = {http://dx.doi.org/10.1051/0004-6361:20010341}}

@ARTICLE{Sorathia12,
   author = {{Sorathia}, K.~A. and {Reynolds}, C.~S. and {Stone}, J.~M. and 
	{Beckwith}, K.},
    title = "{Global Simulations of Accretion Disks. I. Convergence and Comparisons with Local Models}",
  journal = {\apj},
archivePrefix = "arXiv",
   eprint = {1106.4019},
 primaryClass = "astro-ph.HE",
 keywords = {accretion, accretion disks, black hole physics, magnetohydrodynamics: MHD, methods: numerical},
     year = 2012,
    month = apr,
   volume = 749,
      eid = {189},
    pages = {189},
      doi = {10.1088/0004-637X/749/2/189},
   adsurl = {http://adsabs.harvard.edu/abs/2012ApJ...749..189S},
  adsnote = {Provided by the SAO/NASA Astrophysics Data System}
}


@article{Igumenshchev08,
	Adsnote = {Provided by the SAO/NASA Astrophysics Data System},
	Adsurl = {http://adsabs.harvard.edu/abs/2008ApJ...677..317I},
	Archiveprefix = {arXiv},
	Author = {{Igumenshchev}, I.~V.},
	Doi = {10.1086/529025},
	Eprint = {0711.4391},
	Journal = {\apj},
	Keywords = {Accretion, Accretion Disks, Black Hole Physics, Galaxies: Jets, Gamma Rays: Bursts, Instabilities, ISM: Jets and Outflows, Magnetic Fields, Magnetohydrodynamics: MHD, Stars: Oscillations, Turbulence},
	Month = apr,
	Pages = {317-326},
	Title = {{Magnetically Arrested Disks and the Origin of Poynting Jets: A Numerical Study}},
	Volume = 677,
	Year = 2008,
	Bdsk-Url-1 = {http://dx.doi.org/10.1086/529025}}

@article{Igumenshchev03,
	Adsnote = {Provided by the SAO/NASA Astrophysics Data System},
	Adsurl = {http://adsabs.harvard.edu/abs/2003ApJ...592.1042I},
	Author = {{Igumenshchev}, I.~V. and {Narayan}, R. and {Abramowicz}, M.~A.},
	Doi = {10.1086/375769},
	Eprint = {arXiv:astro-ph/0301402},
	Journal = {\apj},
	Keywords = {Accretion, Accretion Disks, Black Hole Physics, Convection, Magnetohydrodynamics: MHD, Turbulence},
	Month = aug,
	Pages = {1042-1059},
	Title = {{Three-dimensional Magnetohydrodynamic Simulations of Radiatively Inefficient Accretion Flows}},
	Volume = 592,
	Year = 2003,
	Bdsk-Url-1 = {http://dx.doi.org/10.1086/375769}}

@article{Jaffe2004,
	Adsnote = {Provided by the SAO/NASA Astrophysics Data System},
	Adsurl = {http://adsabs.harvard.edu/abs/2004Natur.429...47J},
	Author = {{Jaffe}, W. and {Meisenheimer}, K. and {R{\"o}ttgering}, H.~J.~A. and {Leinert}, C. and {Richichi}, A. and {Chesneau}, O. and {Fraix-Burnet}, D. and {Glazenborg-Kluttig}, A. and {Granato}, {G.-L.} and {Graser}, U. and {Heijligers}, B. and {K{\"o}hler}, R. and {Malbet}, F. and {Miley}, G.~K. and {Paresce}, F. and {Pel}, {J.-W.} and {Perrin}, G. and {Przygodda}, F. and {Schoeller}, M. and {Sol}, H. and {Waters}, L.~B.~F.~M. and {Weigelt}, G. and {Woillez}, J. and {de Zeeuw}, P.~T.},
	Doi = {10.1038/nature02531},
	Journal = {\nat},
	Month = may,
	Pages = {47-49},
	Title = {{The central dusty torus in the active nucleus of NGC 1068}},
	Volume = 429,
	Year = 2004,
	Bdsk-Url-1 = {http://dx.doi.org/10.1038/nature02531}}

@ARTICLE{Kaspi2000,
       author = {{Kaspi}, Shai and {Smith}, Paul S. and {Netzer}, Hagai and {Maoz}, Dan and
         {Jannuzi}, Buell T. and {Giveon}, Uriel},
        title = "{Reverberation Measurements for 17 Quasars and the Size-Mass-Luminosity Relations in Active Galactic Nuclei}",
      journal = {\apj},
     keywords = {GALAXIES: ACTIVE, GALAXIES: QUASARS: EMISSION LINES, GALAXIES: QUASARS: GENERAL, Astrophysics},
         year = 2000,
        month = apr,
       volume = {533},
       number = {2},
        pages = {631-649},
          doi = {10.1086/308704},
archivePrefix = {arXiv},
       eprint = {astro-ph/9911476},
 primaryClass = {astro-ph},
       adsurl = {https://ui.adsabs.harvard.edu/abs/2000ApJ...533..631K},
      adsnote = {Provided by the SAO/NASA Astrophysics Data System}
}

@article{Kasp01,
	Adsnote = {Provided by the SAO/NASA Astrophysics Data System},
	Adsurl = {http://adsabs.harvard.edu/abs/2001ApJ...554..216K},
	Author = {{Kaspi}, S. and {Brandt}, W.~N. and {Netzer}, H. and {George}, I.~M. and {Chartas}, G. and {Behar}, E. and {Sambruna}, R.~M. and {Garmire}, G.~P. and {Nousek}, J.~A.},
	Doi = {10.1086/321333},
	Eprint = {arXiv:astro-ph/0101540},
	Journal = {\apj},
	Keywords = {Galaxies: Active, galaxies: individual (NGC 3783), Galaxies: Nuclei, Galaxies: Seyfert, Techniques: Spectroscopic, X-Rays: Galaxies},
	Month = jun,
	Pages = {216-232},
	Title = {{High-Resolution X-Ray Spectroscopy and Modeling of the Absorbing and Emitting Outflow in NGC 3783}},
	Volume = 554,
	Year = 2001,
	Bdsk-Url-1 = {http://dx.doi.org/10.1086/321333}}

@article{Kasp02,
	Adsnote = {Provided by the SAO/NASA Astrophysics Data System},
	Adsurl = {http://adsabs.harvard.edu/abs/2002ApJ...574..643K},
	Author = {{Kaspi}, S. and {Brandt}, W.~N. and {George}, I.~M. and {Netzer}, H. and {Crenshaw}, D.~M. and {Gabel}, J.~R. and {Hamann}, F.~W. and {Kaiser}, M.~E. and {Koratkar}, A. and {Kraemer}, S.~B. and {Kriss}, G.~A. and {Mathur}, S. and {Mushotzky}, R.~F. and {Nandra}, K. and {Peterson}, B.~M. and {Shields}, J.~C. and {Turner}, T.~J. and {Zheng}, W.},
	Doi = {10.1086/341113},
	Eprint = {arXiv:astro-ph/0203263},
	Journal = {\apj},
	Keywords = {Galaxies: Active, Galaxies: Individual: NGC Number: NGC 3783, Galaxies: Nuclei, Galaxies: Seyfert, Techniques: Spectroscopic, X-Rays: Galaxies},
	Month = aug,
	Pages = {643-662},
	Title = {{The Ionized Gas and Nuclear Environment in NGC 3783. I. Time-averaged 900 Kilosecond Chandra Grating Spectroscopy}},
	Volume = 574,
	Year = 2002,
	Bdsk-Url-1 = {http://dx.doi.org/10.1086/341113}}

@article{CAK75,
	Adsnote = {Provided by the SAO/NASA Astrophysics Data System},
	Adsurl = {http://adsabs.harvard.edu/abs/1975ApJ...195..157C},
	Author = {{Castor}, J.~I. and {Abbott}, D.~C. and {Klein}, R.~I.},
	Doi = {10.1086/153315},
	Journal = {\apj},
	Keywords = {Astronomical Models, Line Spectra, O Stars, Radiation Pressure, Stellar Mass Ejection, Stellar Winds, Emission Spectra, Main Sequence Stars, Molecular Oscillators, Optical Thickness, Stellar Atmospheres, Stellar Evolution, Stellar Spectra},
	Month = jan,
	Pages = {157-174},
	Title = {{Radiation-driven winds in Of stars}},
	Volume = 195,
	Year = 1975,
	Bdsk-Url-1 = {http://dx.doi.org/10.1086/153315}}

@article{KallmanBautista01,
	Adsnote = {Provided by the SAO/NASA Astrophysics Data System},
	Adsurl = {http://adsabs.harvard.edu/abs/2001ApJS..134..139B},
	Author = {{Kallman}, T.~R. and {Bautista}, M.~A.},
	Doi = {10.1086/320363},
	Journal = {\apjs},
	Keywords = {Astronomical Data Bases: Miscellaneous, Atomic Data, Atomic Processes, Line: Formation, Ultraviolet: General, X-Rays: General},
	Month = may,
	Pages = 221,
	Title = {{The XSTAR Atomic Database}},
	Volume = 133,
	Year = 2001,
	Bdsk-Url-1 = {http://dx.doi.org/10.1086/320363}}

@ARTICLE{Kishimoto13,
   author = {{Kishimoto}, M. and {H{\"o}nig}, S.~F. and {Antonucci}, R. and 
	{Millan-Gabet}, R. and {Barvainis}, R. and {Millour}, F. and 
	{Kotani}, T. and {Tristram}, K.~R.~W. and {Weigelt}, G.},
    title = "{Evidence for a Receding Dust Sublimation Region around a Supermassive Black Hole}",
  journal = {\apjl},
archivePrefix = "arXiv",
   eprint = {1308.6517},
 keywords = {galaxies: active, galaxies: Seyfert, infrared: galaxies, techniques: interferometric },
     year = 2013,
    month = oct,
   volume = 775,
      eid = {L36},
    pages = {L36},
      doi = {10.1088/2041-8205/775/2/L36},
   adsurl = {http://adsabs.harvard.edu/abs/2013ApJ...775L..36K},
  adsnote = {Provided by the SAO/NASA Astrophysics Data System}
}

@ARTICLE{Kishimoto11,
   author = {{Kishimoto}, M. and {H{\"o}nig}, S.~F. and {Antonucci}, R. and 
	{Barvainis}, R. and {Kotani}, T. and {Tristram}, K.~R.~W. and 
	{Weigelt}, G. and {Levin}, K.},
    title = "{The innermost dusty structure in active galactic nuclei as probed by the Keck interferometer}",
  journal = {\aap},
archivePrefix = "arXiv",
   eprint = {1012.5359},
 keywords = {galaxies: active, galaxies: Seyfert, infrared: galaxies, techniques: interferometric},
     year = 2011,
    month = mar,
   volume = 527,
      eid = {A121},
    pages = {A121},
      doi = {10.1051/0004-6361/201016054},
   adsurl = {http://adsabs.harvard.edu/abs/2011A%26A...527A.121K},
  adsnote = {Provided by the SAO/NASA Astrophysics Data System}
}


@ARTICLE{Kishimoto09,
   author = {{Kishimoto}, M. and {H{\"o}nig}, S.~F. and {Tristram}, K.~R.~W. and 
	{Weigelt}, G.},
    title = "{Possible evidence for a common radial structure in nearby AGN tori}",
  journal = {\aap},
archivePrefix = "arXiv",
   eprint = {0812.1964},
 keywords = {galaxies: active, galaxies: Seyfert, infrared: galaxies, techniques: interferometric},
     year = 2009,
    month = jan,
   volume = 493,
    pages = {L57-L60},
      doi = {10.1051/0004-6361:200811062},
   adsurl = {http://adsabs.harvard.edu/abs/2009A%26A...493L..57K},
  adsnote = {Provided by the SAO/NASA Astrophysics Data System}
}


@article{KoniglKartje94,
	Adsnote = {Provided by the SAO/NASA Astrophysics Data System},
	Adsurl = {http://adsabs.harvard.edu/abs/1994ApJ...434..446K},
	Author = {{Konigl}, A. and {Kartje}, J.~F.},
	Doi = {10.1086/174746},
	Journal = {\apj},
	Keywords = {ACCRETION DISKS, ACTIVE GALACTIC NUCLEI, ASTRONOMICAL MODELS, BL LACERTAE OBJECTS, COMPUTERIZED SIMULATION, JET FLOW, MAGNETOHYDRODYNAMIC FLOW, QUASARS, SEYFERT GALAXIES, STELLAR WINDS, COSMIC DUST, INFRARED SPECTRA, PHOTOIONIZATION, RADIATIVE TRANSFER, RADIO EMISSION, ULTRAVIOLET SPECTRA, X RAY SPECTRA},
	Month = oct,
	Pages = {446-467},
	Title = {{Disk-driven hydromagnetic winds as a key ingredient of active galactic nuclei unification schemes}},
	Volume = 434,
	Year = 1994,
	Bdsk-Url-1 = {http://dx.doi.org/10.1086/174746}}

@article{Keating12,
	Adsnote = {Provided by the SAO/NASA Astrophysics Data System},
	Adsurl = {http://adsabs.harvard.edu/abs/2012ApJ...749...32K},
	Archiveprefix = {arXiv},
	Author = {{Keating}, S.~K. and {Everett}, J.~E. and {Gallagher}, S.~C. and {Deo}, R.~P.},
	Doi = {10.1088/0004-637X/749/1/32},
	Eid = {32},
	Eprint = {1202.4681},
	Journal = {\apj},
	Keywords = {galaxies: active, galaxies: Seyfert, hydrodynamics, infrared: general, magnetohydrodynamics: MHD, quasars: general, radiative transfer},
	Month = apr,
	Pages = {32},
	Primaryclass = {astro-ph.CO},
	Title = {{Sweeping Away the Mysteries of Dusty Continuous Winds in Active Galactic Nuclei}},
	Volume = 749,
	Year = 2012,
	Bdsk-Url-1 = {http://dx.doi.org/10.1088/0004-637X/749/1/32}}

@article{King05,
	Adsnote = {Provided by the SAO/NASA Astrophysics Data System},
	Adsurl = {http://adsabs.harvard.edu/abs/2005ApJ...635L.121K},
	Author = {{King}, A.},
	Doi = {10.1086/499430},
	Eprint = {astro-ph/0511034},
	Journal = {\apjl},
	Keywords = {Accretion, Accretion Disks, Black Hole Physics, Galaxies: Formation, Galaxies: Nuclei, Galaxies: Quasars: General},
	Month = dec,
	Pages = {L121-L123},
	Title = {{The AGN-Starburst Connection, Galactic Superwinds, and M$_{BH}$-{$\sigma$}}},
	Volume = 635,
	Year = 2005,
	Bdsk-Url-1 = {http://dx.doi.org/10.1086/499430}}

@book{KippenhahnWeigert94,
	Adsnote = {Provided by the SAO/NASA Astrophysics Data System},
	Adsurl = {http://adsabs.harvard.edu/abs/1994sse..book.....K},
	Author = {{Kippenhahn}, R. and {Weigert}, A.},
	Booktitle = {Stellar Structure and Evolution, XVI, 468 pp.~192 figs..~ Springer-Verlag Berlin Heidelberg New York.~Also Astronomy and Astrophysics Library},
	Editor = {{Kippenhahn, R.~\& Weigert, A.}},
	Keywords = {SONNE, STERNENTWICKLUNG, STERNAUFBAU, STERNE, STELLAR STRUCTURE, STELLAR EVOLUTION, Sonne, Sternaufbau, Sterne, Sternentwicklung, stars, stellar models, sun},
	Title = {{Stellar Structure and Evolution}},
	Year = 1994}


@ARTICLE{Koshida2014,
       author = {{Koshida}, Shintaro and {Minezaki}, Takeo and {Yoshii}, Yuzuru and
         {Kobayashi}, Yukiyasu and {Sakata}, Yu and {Sugawara}, Shota and
         {Enya}, Keigo and {Suganuma}, Masahiro and {Tomita}, Hiroyuki and
         {Aoki}, Tsutomu and {Peterson}, Bruce A.},
        title = "{Reverberation Measurements of the Inner Radius of the Dust Torus in 17 Seyfert Galaxies}",
      journal = {\apj},
     keywords = {dust, extinction, galaxies: active, galaxies: Seyfert, infrared: galaxies, Astrophysics - Astrophysics of Galaxies},
         year = "2014",
        month = "Jun",
       volume = {788},
       number = {2},
          eid = {159},
        pages = {159},
          doi = {10.1088/0004-637X/788/2/159},
archivePrefix = {arXiv},
       eprint = {1406.2078},
 primaryClass = {astro-ph.GA},
       adsurl = {https://ui.adsabs.harvard.edu/abs/2014ApJ...788..159K},
      adsnote = {Provided by the SAO/NASA Astrophysics Data System}
}



@article{Krolik07,
	Adsnote = {Provided by the SAO/NASA Astrophysics Data System},
	Adsurl = {http://adsabs.harvard.edu/abs/2007ApJ...661...52K},
	Author = {{Krolik}, J.~H.},
	Doi = {10.1086/515432},
	Eprint = {arXiv:astro-ph/0702396},
	Journal = {\apj},
	Keywords = {Galaxies: Active, Galaxies: Nuclei, Galaxies: Seyfert, Galaxies: Quasars: General},
	Month = may,
	Pages = {52-59},
	Title = {{AGN Obscuring Tori Supported by Infrared Radiation Pressure}},
	Volume = 661,
	Year = 2007,
	Bdsk-Url-1 = {http://dx.doi.org/10.1086/515432}}

@article{KrolikBegelman86,
	Adsnote = {Provided by the SAO/NASA Astrophysics Data System},
	Adsurl = {http://adsabs.harvard.edu/abs/1986ApJ...308L..55K},
	Author = {{Krolik}, J.~H. and {Begelman}, M.~C.},
	Doi = {10.1086/184743},
	Journal = {\apjl},
	Keywords = {ASTRONOMICAL MODELS, GALACTIC NUCLEI, PLASMA DYNAMICS, RADIANT HEATING, SEYFERT GALAXIES, X RAY ASTRONOMY, ACTIVE GALACTIC NUCLEI, ELECTRON SCATTERING, OPTICAL THICKNESS, PLASMA TEMPERATURE, STARBURST GALAXIES, STELLAR EVOLUTION},
	Month = sep,
	Pages = {L55-L58},
	Title = {{An X-ray heated wind in NGC 1068}},
	Volume = 308,
	Year = 1986,
	Bdsk-Url-1 = {http://dx.doi.org/10.1086/184743}}

@article{KrolikBegelman88,
	Adsnote = {Provided by the SAO/NASA Astrophysics Data System},
	Adsurl = {http://adsabs.harvard.edu/abs/1988ApJ...329..702K},
	Author = {{Krolik}, J.~H. and {Begelman}, M.~C.},
	Doi = {10.1086/166414},
	Journal = {\apj},
	Keywords = {BLACK HOLES (ASTRONOMY), GALACTIC NUCLEI, INTERSTELLAR GAS, MOLECULAR CLOUDS, SEYFERT GALAXIES, ENERGY DISSIPATION, GRAVITATIONAL FIELDS, SIZE DISTRIBUTION, STELLAR WINDS},
	Month = jun,
	Pages = {702-711},
	Title = {{Molecular tori in Seyfert galaxies - Feeding the monster and hiding it}},
	Volume = 329,
	Year = 1988,
	Bdsk-Url-1 = {http://dx.doi.org/10.1086/166414}}

@article{KrolikLepp89,
	Adsnote = {Provided by the SAO/NASA Astrophysics Data System},
	Adsurl = {http://adsabs.harvard.edu/abs/1989ApJ...347..179K},
	Author = {{Krolik}, J.~H. and {Lepp}, S.},
	Doi = {10.1086/168107},
	Journal = {\apj},
	Keywords = {COMPUTATIONAL ASTROPHYSICS, GALACTIC NUCLEI, MOLECULAR CLOUDS, SEYFERT GALAXIES, ABUNDANCE, CARBON MONOXIDE, EMISSION SPECTRA, NEAR INFRARED RADIATION, TORUSES},
	Month = dec,
	Pages = {179-185},
	Title = {{The physical state of the obscuring torus in Seyfert galaxies}},
	Volume = 347,
	Year = 1989,
	Bdsk-Url-1 = {http://dx.doi.org/10.1086/168107}}

@article{KrolikLondon83,
	Adsnote = {Provided by the SAO/NASA Astrophysics Data System},
	Adsurl = {http://adsabs.harvard.edu/abs/1983ApJ...267...18K},
	Author = {{Krolik}, J.~H. and {London}, R.~A.},
	Doi = {10.1086/160841},
	Journal = {\apj},
	Keywords = {Galactic Nuclei, Gas Flow, Quasars, Single-Phase Flow, Steady Flow, Thermal Instability, Astronomical Models, Black Holes (Astronomy), Eddington Approximation, Flow Stability, Gas Temperature, Seyfert Galaxies},
	Month = apr,
	Pages = {18-30},
	Title = {{Spherical accretion onto quasars}},
	Volume = 267,
	Year = 1983,
	Bdsk-Url-1 = {http://dx.doi.org/10.1086/160841}}

@article{KrolikMcKeeTarter81,
	Adsnote = {Provided by the SAO/NASA Astrophysics Data System},
	Adsurl = {http://adsabs.harvard.edu/abs/1981ApJ...249..422K},
	Author = {{Krolik}, J.~H. and {McKee}, C.~F. and {Tarter}, C.~B.},
	Doi = {10.1086/159303},
	Journal = {\apj},
	Keywords = {ASTRONOMICAL MODELS, EMISSION SPECTRA, HYDROGEN CLOUDS, QUASARS, TWO PHASE FLOW, X RAY SOURCES, COMPTON EFFECT, GAS TEMPERATURE, LINE SPECTRA, PHASE DIAGRAMS, PHOTOIONIZATION, SPECTRUM ANALYSIS},
	Month = oct,
	Pages = {422-442},
	Title = {{Two-phase models of quasar emission line regions}},
	Volume = 249,
	Year = 1981,
	Bdsk-Url-1 = {http://dx.doi.org/10.1086/159303}}

@article{Krumholz13,
	Adsnote = {Provided by the SAO/NASA Astrophysics Data System},
	Adsurl = {http://adsabs.harvard.edu/abs/2013MNRAS.434.2329K},
	Archiveprefix = {arXiv},
	Author = {{Krumholz}, M.~R. and {Thompson}, T.~A.},
	Doi = {10.1093/mnras/stt1174},
	Eprint = {1302.4440},
	Journal = {\mnras},
	Keywords = {hydrodynamics, instabilities, ISM: jets and outflows, radiative transfer, galaxies: ISM, galaxies: star clusters},
	Month = sep,
	Pages = {2329-2346},
	Title = {{Numerical simulations of radiatively driven dusty winds}},
	Volume = 434,
	Year = 2013,
	Bdsk-Url-1 = {http://dx.doi.org/10.1093/mnras/stt1174}}


@ARTICLE{BaskinLaor2018MNRAS,
       author = {{Baskin}, Alexei and {Laor}, Ari},
        title = "{Dust inflated accretion disc as the origin of the broad line region in active galactic nuclei}",
      journal = {\mnras},
     keywords = {galaxies: active, quasars: emission lines, quasars: general, Astrophysics - Astrophysics of Galaxies},
         year = "2018",
        month = "Feb",
       volume = {474},
       number = {2},
        pages = {1970-1994},
          doi = {10.1093/mnras/stx2850},
archivePrefix = {arXiv},
       eprint = {1711.00025},
 primaryClass = {astro-ph.GA},
       adsurl = {https://ui.adsabs.harvard.edu/abs/2018MNRAS.474.1970B},
      adsnote = {Provided by the SAO/NASA Astrophysics Data System}
}

@ARTICLE{LaorDraine1993,
       author = {{Laor}, Ari and {Draine}, Bruce T.},
        title = "{Spectroscopic Constraints on the Properties of Dust in Active Galactic Nuclei}",
      journal = {\apj},
     keywords = {Active Galactic Nuclei, Astronomical Models, Astronomical Spectroscopy, Computational Astrophysics, Cosmic Dust, Emission Spectra, Grain Size, Graphite, Interstellar Extinction, Optical Properties, Optical Thickness, Silicon Carbides, Astrophysics, ISM: DUST, EXTINCTION, GALAXIES: ACTIVE, GALAXIES: NUCLEI, INFRARED: INTERSTELLAR: LINES, RADIATIVE TRANSFER},
         year = 1993,
        month = jan,
       volume = {402},
        pages = {441},
          doi = {10.1086/172149},
       adsurl = {https://ui.adsabs.harvard.edu/abs/1993ApJ...402..441L},
      adsnote = {Provided by the SAO/NASA Astrophysics Data System}
}




@ARTICLE{Lawrence2010K,
   author = {{Lawrence}, A. and {Elvis}, M.},
    title = "{Misaligned Disks as Obscurers in Active Galaxies}",
  journal = {\apj},
 keywords = {accretion, accretion disks, galaxies: active, galaxies: nuclei, quasars: general},
     year = 2010,
    month = may,
   volume = 714,
    pages = {561-570},
      doi = {10.1088/0004-637X/714/1/561},
   adsurl = {http://adsabs.harvard.edu/abs/2010ApJ...714..561L},
  adsnote = {Provided by the SAO/NASA Astrophysics Data System}
}

@article{LorenAguilarBate2015,
	Adsnote = {Provided by the SAO/NASA Astrophysics Data System},
	Adsurl = {http://adsabs.harvard.edu/abs/2015arXiv150908374L},
	Archiveprefix = {arXiv},
	Author = {{Loren-Aguilar}, P. and {Bate}, M.~R.},
	Eprint = {1509.08374},
	Journal = {ArXiv e-prints},
	Keywords = {Astrophysics - Earth and Planetary Astrophysics},
	Month = sep,
	Primaryclass = {astro-ph.EP},
	Title = {{Two-fluid dust and gas mixtures in smoothed particle hydrodynamics II: an improved semi-implicit approach}},
	Year = 2015}

@article{LinPringle87,
	Adsnote = {Provided by the SAO/NASA Astrophysics Data System},
	Adsurl = {http://adsabs.harvard.edu/abs/1987MNRAS.225..607L},
	Author = {{Lin}, D.~N.~C. and {Pringle}, J.~E.},
	Journal = {\mnras},
	Keywords = {ACCRETION DISKS, ANGULAR MOMENTUM, GAS VISCOSITY, GRAVITATIONAL EFFECTS, MOMENTUM TRANSFER, SIMILARITY THEOREM, STELLAR EVOLUTION},
	Month = apr,
	Pages = {607-613},
	Title = {{A viscosity prescription for a self-gravitating accretion disc}},
	Volume = 225,
	Year = 1987}

@book{LamersCassinelli99,
	Adsnote = {Provided by the SAO/NASA Astrophysics Data System},
	Adsurl = {http://adsabs.harvard.edu/abs/1999isw..book.....L},
	Author = {{Lamers}, H.~J.~G.~L.~M. and {Cassinelli}, J.~P.},
	Booktitle = {Introduction to Stellar Winds, by Henny J.~G.~L.~M.~Lamers and Joseph P.~Cassinelli},
	Editor = {{Lamers, H.~J.~G.~L.~M.~\& Cassinelli, J.~P.}},
	Month = jun,
	Title = {{Introduction to Stellar Winds}},
	Year = 1999}

@article{Lee01,
	Adsnote = {Provided by the SAO/NASA Astrophysics Data System},
	Adsurl = {http://adsabs.harvard.edu/abs/2001ApJ...554L..13L},
	Author = {{Lee}, J.~C. and {Ogle}, P.~M. and {Canizares}, C.~R. and {Marshall}, H.~L. and {Schulz}, N.~S. and {Morales}, R. and {Fabian}, A.~C. and {Iwasawa}, K.},
	Doi = {10.1086/320912},
	Eprint = {arXiv:astro-ph/0101065},
	Journal = {\apjl},
	Keywords = {Galaxies: Active, Galaxies: Individual: Alphanumeric: MCG -6-30-15, Galaxies: Quasars: General, X-Rays: General},
	Month = jun,
	Pages = {L13-L17},
	Title = {{Revealing the Dusty Warm Absorber in MCG -6-30-15 with the Chandra High-Energy Transmission Grating}},
	Volume = 554,
	Year = 2001,
	Bdsk-Url-1 = {http://dx.doi.org/10.1086/320912}}

@proceedings{Leontovich_Vol7_Soloviev,
	Adsnote = {Provided by the SAO/NASA Astrophysics Data System},
	Adsurl = {http://adsabs.harvard.edu/abs/1975RvPP....6.....L},
	Booktitle = {Reviews of Plasma Physics, Volume 6},
	Editor = {{Leontovich}, A.~M.~A.},
	Series = {Reviews of Plasma Physics},
	Title = {{Reviews of Plasma Physics, Volume 6}},
	Volume = 6,
	Year = 1975}

@article{LevermorePomraning81,
	Adsnote = {Provided by the SAO/NASA Astrophysics Data System},
	Adsurl = {http://adsabs.harvard.edu/abs/1981ApJ...248..321L},
	Author = {{Levermore}, C.~D. and {Pomraning}, G.~C.},
	Doi = {10.1086/159157},
	Journal = {\apj},
	Keywords = {DIFFUSION THEORY, RADIANT FLUX DENSITY, RADIATIVE TRANSFER, TRANSPORT THEORY, BOLTZMANN TRANSPORT EQUATION, BOUNDARY VALUE PROBLEMS, DIFFUSION COEFFICIENT, GASEOUS DIFFUSION},
	Month = aug,
	Pages = {321-334},
	Title = {{A flux-limited diffusion theory}},
	Volume = 248,
	Year = 1981,
	Bdsk-Url-1 = {http://dx.doi.org/10.1086/159157}}

@ARTICLE{LopezGonzaga16,
   author = {{L{\'o}pez-Gonzaga}, N. and {Jaffe}, W.},
    title = "{Mid-infrared interferometry of Seyfert galaxies: Challenging the Standard Model}",
  journal = {\aap},
archivePrefix = "arXiv",
   eprint = {1602.09131},
 keywords = {radiative transfer, galaxies: active, galaxies: Seyfert, techniques: high angular resolution},
     year = 2016,
    month = jun,
   volume = 591,
      eid = {A128},
    pages = {A128},
      doi = {10.1051/0004-6361/201527149},
   adsurl = {http://adsabs.harvard.edu/abs/2016A%26A...591A.128L},
  adsnote = {Provided by the SAO/NASA Astrophysics Data System}
}


@article{Lovelace98,
	Adsnote = {Provided by the SAO/NASA Astrophysics Data System},
	Adsurl = {http://adsabs.harvard.edu/abs/1998A%26A...338..856L},
	Author = {{Lovelace}, R.~V.~E. and {Romanova}, M.~M. and {Biermann}, P.~L.},
	Journal = {\aap},
	Keywords = {ACCRETION, ACCRETION DISKS, GALAXIES: ACTIVE, MAGNETIC FIELDS, GALAXIES: NUCLEI},
	Month = oct,
	Pages = {856-862},
	Title = {{Magnetically supported tori in active galactic nuclei}},
	Volume = 338,
	Year = 1998}

@article{Li04,
	Adsnote = {Provided by the SAO/NASA Astrophysics Data System},
	Adsurl = {http://adsabs.harvard.edu/abs/2004ApJ...605..800L},
	Author = {{Li}, P.~S. and {Norman}, M.~L. and {Mac Low}, M.-M. and {Heitsch}, F.},
	Doi = {10.1086/382652},
	Eprint = {arXiv:astro-ph/0312622},
	Journal = {\apj},
	Keywords = {ISM: Clouds, ISM: Kinematics and Dynamics, ISM: Magnetic Fields, Methods: Numerical, Stars: Formation, Turbulence},
	Month = apr,
	Pages = {800-818},
	Title = {{The Formation of Self-Gravitating Cores in Turbulent Magnetized Clouds}},
	Volume = 605,
	Year = 2004,
	Bdsk-Url-1 = {http://dx.doi.org/10.1086/382652}}

@article{LubowPapaloizou94,
	Adsnote = {Provided by the SAO/NASA Astrophysics Data System},
	Adsurl = {http://adsabs.harvard.edu/abs/1994MNRAS.267..235L},
	Author = {{Lubow}, S.~H. and {Papaloizou}, J.~C.~B. and {Pringle}, J.~E.},
	Journal = {\mnras},
	Keywords = {ACCRETION DISKS, INTERSTELLAR MATTER, MAGNETIC DIFFUSION, MAGNETIC FIELD CONFIGURATIONS, STELLAR MAGNETIC FIELDS, STELLAR MASS ACCRETION, COMPUTATIONAL ASTROPHYSICS, DIFFERENTIAL EQUATIONS, INTEGRAL EQUATIONS, MAGNETOHYDRODYNAMICS, TIME DEPENDENCE},
	Month = mar,
	Pages = {235-240},
	Title = {{Magnetic field dragging in accretion discs}},
	Volume = 267,
	Year = 1994}

@article{Maloney96,
	Adsnote = {Provided by the SAO/NASA Astrophysics Data System},
	Adsurl = {http://adsabs.harvard.edu/abs/1996ApJ...466..561M},
	Author = {{Maloney}, P.~R. and {Hollenbach}, D.~J. and {Tielens}, A.~G.~G.~M.},
	Doi = {10.1086/177532},
	Journal = {\apj},
	Keywords = {ATOMIC PROCESSES, INFRARED: ISM: LINES AND BANDS, MOLECULAR PROCESSES, RADIATIVE TRANSFER, X-RAYS: ISM},
	Month = jul,
	Pages = {561},
	Title = {{X-Ray--irradiated Molecular Gas. I. Physical Processes and General Results}},
	Volume = 466,
	Year = 1996,
	Bdsk-Url-1 = {http://dx.doi.org/10.1086/177532}}

@article{MaschkePerrin80,
	Abstract = {For a toroidal plasma rotating about its axis of symmetry, the ideal MHD equations can be reduced to an equation which generalizes the static equilibrium equation if either the entropy or the temperature is constant on the magnetic surfaces. For both of these cases, exact analytic solutions are obtained and their properties are discussed.},
	Author = {E K Maschke and H Perrin},
	Date-Added = {2016-12-19 18:42:45 +0000},
	Date-Modified = {2016-12-19 18:43:32 +0000},
	Journal = {Plasma Physics},
	Number = {6},
	Pages = {579},
	Title = {Exact solutions of the stationary MHD equations for a rotating toroidal plasma},
	Url = {http://stacks.iop.org/0032-1028/22/i=6/a=007},
	Volume = {22},
	Year = {1980},
	Bdsk-Url-1 = {http://stacks.iop.org/0032-1028/22/i=6/a=007}}

@article{Mason06,
	Adsnote = {Provided by the SAO/NASA Astrophysics Data System},
	Adsurl = {http://adsabs.harvard.edu/abs/2006ApJ...640..612M},
	Author = {{Mason}, R.~E. and {Geballe}, T.~R. and {Packham}, C. and {Levenson}, N.~A. and {Elitzur}, M. and {Fisher}, R.~S. and {Perlman}, E.},
	Doi = {10.1086/500299},
	Eprint = {arXiv:astro-ph/0512202},
	Journal = {\apj},
	Keywords = {ISM: Dust, Extinction, Galaxies: Active, Galaxies: Individual: NGC Number: NGC 1068, Galaxies: Nuclei, Infrared: Galaxies},
	Month = apr,
	Pages = {612-624},
	Title = {{Spatially Resolved Mid-Infrared Spectroscopy of NGC 1068: The Nature and Distribution of the Nuclear Material}},
	Volume = 640,
	Year = 2006,
	Bdsk-Url-1 = {http://dx.doi.org/10.1086/500299}}

@article{Mathis77,
	Adsnote = {Provided by the SAO/NASA Astrophysics Data System},
	Adsurl = {http://adsabs.harvard.edu/abs/1977ApJ...217..425M},
	Author = {{Mathis}, J.~S. and {Rumpl}, W. and {Nordsieck}, K.~H.},
	Doi = {10.1086/155591},
	Journal = {\apj},
	Keywords = {COSMIC DUST, INTERSTELLAR EXTINCTION, INTERSTELLAR MATTER, PARTICLE SIZE DISTRIBUTION, ENSTATITE, GRAPHITE, MAGNETITE, OLIVINE, POLARIZATION CHARACTERISTICS, ULTRAVIOLET ASTRONOMY},
	Month = oct,
	Pages = {425-433},
	Title = {{The size distribution of interstellar grains}},
	Volume = 217,
	Year = 1977,
	Bdsk-Url-1 = {http://dx.doi.org/10.1086/155591}}

@article{McKernan07,
	Adsnote = {Provided by the SAO/NASA Astrophysics Data System},
	Adsurl = {http://adsabs.harvard.edu/abs/2007MNRAS.379.1359M},
	Archiveprefix = {arXiv},
	Author = {{McKernan}, B. and {Yaqoob}, T. and {Reynolds}, C.~S.},
	Doi = {10.1111/j.1365-2966.2007.11993.x},
	Eprint = {0705.2542},
	Journal = {\mnras},
	Keywords = {techniques: spectroscopic, Galaxy: disc, galaxies: active, galaxies: Seyfert, X-rays: galaxies},
	Month = aug,
	Pages = {1359-1372},
	Title = {{A soft X-ray study of type I active galactic nuclei observed with Chandra high-energy transmission grating spectrometer}},
	Volume = 379,
	Year = 2007,
	Bdsk-Url-1 = {http://dx.doi.org/10.1111/j.1365-2966.2007.11993.x}}

@article{McKinney12,
	Adsnote = {Provided by the SAO/NASA Astrophysics Data System},
	Adsurl = {http://adsabs.harvard.edu/abs/2012MNRAS.423.3083M},
	Archiveprefix = {arXiv},
	Author = {{McKinney}, J.~C. and {Tchekhovskoy}, A. and {Blandford}, R.~D.},
	Doi = {10.1111/j.1365-2966.2012.21074.x},
	Eprint = {1201.4163},
	Journal = {\mnras},
	Keywords = {accretion, accretion discs, black hole physics, gravitation, hydrodynamics, MHD, methods: numerical},
	Month = jul,
	Pages = {3083-3117},
	Primaryclass = {astro-ph.HE},
	Title = {{General relativistic magnetohydrodynamic simulations of magnetically choked accretion flows around black holes}},
	Volume = 423,
	Year = 2012,
	Bdsk-Url-1 = {http://dx.doi.org/10.1111/j.1365-2966.2012.21074.x}}

@book{MihalasBookRadHydro,
	Adsnote = {Provided by the SAO/NASA Astrophysics Data System},
	Adsurl = {http://adsabs.harvard.edu/abs/1984oup..book.....M},
	Author = {{Mihalas}, D. and {Mihalas}, B.~W.},
	Booktitle = {New York, Oxford University Press, 1984, 731 p.},
	Editor = {{Mihalas, D.~\& Mihalas, B.~W.}},
	Keywords = {ASTROPHYSICS, COMPRESSIBLE FLUIDS, GAS DYNAMICS, HYDRODYNAMIC EQUATIONS, RADIATION LAWS, RADIATIVE HEAT TRANSFER, EQUATIONS OF MOTION, GRAVITATIONAL WAVES, IDEAL FLUIDS, KINEMATICS, RADIATION DISTRIBUTION, RELATIVITY, SHOCK WAVES, SOUND WAVES, STATISTICAL MECHANICS, TENSOR ANALYSIS, THERMAL RADIATION, THERMODYNAMICS, VISCOUS FLUIDS, WIND (METEOROLOGY)},
	Title = {{Foundations of radiation hydrodynamics}},
	Year = 1984}

@article{Minerbo78,
	Adsnote = {Provided by the SAO/NASA Astrophysics Data System},
	Adsurl = {http://adsabs.harvard.edu/abs/1978JQSRT..20..541M},
	Author = {{Minerbo}, G.~N.},
	Doi = {10.1016/0022-4073(78)90024-9},
	Journal = {\jqsrt},
	Keywords = {Radiative Transfer},
	Pages = {541-545},
	Title = {{Maximum entropy Eddington factors.}},
	Volume = 20,
	Year = 1978,
	Bdsk-Url-1 = {http://dx.doi.org/10.1016/0022-4073(78)90024-9}}

@article{Mor09,
	Adsnote = {Provided by the SAO/NASA Astrophysics Data System},
	Adsurl = {http://adsabs.harvard.edu/abs/2009ApJ...705..298M},
	Archiveprefix = {arXiv},
	Author = {{Mor}, R. and {Netzer}, H. and {Elitzur}, M.},
	Doi = {10.1088/0004-637X/705/1/298},
	Eprint = {0907.1654},
	Journal = {\apj},
	Keywords = {galaxies: active, galaxies: nuclei, infrared: galaxies, quasars: general},
	Month = nov,
	Pages = {298-313},
	Primaryclass = {astro-ph.CO},
	Title = {{Dusty Structure Around Type-I Active Galactic Nuclei: Clumpy Torus Narrow-line Region and Near-nucleus Hot Dust}},
	Volume = 705,
	Year = 2009,
	Bdsk-Url-1 = {http://dx.doi.org/10.1088/0004-637X/705/1/298}}

@article{MonikaProga2013,
	Adsnote = {Provided by the SAO/NASA Astrophysics Data System},
	Adsurl = {http://adsabs.harvard.edu/abs/2013ApJ...767..156M},
	Archiveprefix = {arXiv},
	Author = {{Mo{\'s}cibrodzka}, M. and {Proga}, D.},
	Doi = {10.1088/0004-637X/767/2/156},
	Eid = {156},
	Eprint = {1303.2341},
	Journal = {\apj},
	Keywords = {black hole physics, galaxies: active, galaxies: nuclei, galaxies: Seyfert, ISM: clouds},
	Month = apr,
	Pages = {156},
	Primaryclass = {astro-ph.GA},
	Title = {{Thermal and Dynamical Properties of Gas Accreting onto a Supermassive Black Hole in an Active Galactic Nucleus}},
	Volume = 767,
	Year = 2013,
	Bdsk-Url-1 = {http://dx.doi.org/10.1088/0004-637X/767/2/156}}

@article{MonikaProga2008,
	Adsnote = {Provided by the SAO/NASA Astrophysics Data System},
	Adsurl = {http://adsabs.harvard.edu/abs/2008ApJ...679..626M},
	Archiveprefix = {arXiv},
	Author = {{Mo{\'s}cibrodzka}, M. and {Proga}, D.},
	Doi = {10.1086/529372},
	Eprint = {0801.1076},
	Journal = {\apj},
	Keywords = {Accretion, Accretion Disks, Hydrodynamics, Instabilities, Methods: Numerical},
	Month = may,
	Pages = {626-638},
	Title = {{Time Variability of Accretion Flows: Effects of the Adiabatic Index and Gas Temperature}},
	Volume = 679,
	Year = 2008,
	Bdsk-Url-1 = {http://dx.doi.org/10.1086/529372}}

@ARTICLE{Netzer93,
   author = {{Netzer}, H. and {Laor}, A.},
    title = "{Dust in the narrow-line region of active galactic nuclei}",
  journal = {\apjl},
 keywords = {Active Galactic Nuclei, Cosmic Dust, Emission Spectra, Spectral Line Width, Lyman Alpha Radiation, Quasars},
     year = 1993,
    month = feb,
   volume = 404,
    pages = {L51-L54},
      doi = {10.1086/186741},
   adsurl = {http://adsabs.harvard.edu/abs/1993ApJ...404L..51N},
  adsnote = {Provided by the SAO/NASA Astrophysics Data System}
}



@ARTICLE{Pogge93,
   author = {{Pogge}, R.~W. and {De Robertis}, M.~M.},
    title = "{Extended near-ultraviolet continuum emission and the nature of the polarized broad-line Seyfert 2 galaxies}",
  journal = {\apj},
 keywords = {Active Galactic Nuclei, Galactic Radiation, Near Ultraviolet Radiation, Seyfert Galaxies, Ultraviolet Emission, Emission Spectra, Ultraviolet Photometry},
     year = 1993,
    month = feb,
   volume = 404,
    pages = {563-569},
      doi = {10.1086/172308},
   adsurl = {http://adsabs.harvard.edu/abs/1993ApJ...404..563P},
  adsnote = {Provided by the SAO/NASA Astrophysics Data System}
}

@ARTICLE{Poncelet06,
   author = {{Poncelet}, A. and {Perrin}, G. and {Sol}, H.},
    title = "{A new analysis of the nucleus of NGC 1068 with MIDI observations}",
  journal = {\aap},
   eprint = {astro-ph/0512560},
 keywords = {galaxies: individual: NGC 1068, galaxies: Seyfert, galaxies: nuclei, radiative transfer, infrared: galaxies, techniques: interferometic},
     year = 2006,
    month = may,
   volume = 450,
    pages = {483-494},
      doi = {10.1051/0004-6361:20053608},
   adsurl = {http://adsabs.harvard.edu/abs/2006A%26A...450..483P},
  adsnote = {Provided by the SAO/NASA Astrophysics Data System}
}


@book{PriestForbesBook,
	Adsnote = {Provided by the SAO/NASA Astrophysics Data System},
	Adsurl = {http://adsabs.harvard.edu/abs/2000mare.book.....P},
	Author = {{Priest}, E. and {Forbes}, T.},
	Booktitle = {Magnetic Reconnection, by Eric Priest and Terry Forbes, pp.~612.~ISBN 0521481791.~Cambridge, UK: Cambridge University Press, June 2000.},
	Month = jun,
	Pages = {612},
	Title = {{Magnetic Reconnection}},
	Year = 2000}

@article{ProgaBegelman2003,
	Adsnote = {Provided by the SAO/NASA Astrophysics Data System},
	Adsurl = {http://adsabs.harvard.edu/abs/2003ApJ...582...69P},
	Author = {{Proga}, D. and {Begelman}, M.~C.},
	Doi = {10.1086/344537},
	Eprint = {astro-ph/0208517},
	Journal = {\apj},
	Keywords = {Accretion, Accretion Disks, Black Hole Physics, Galaxies: Active, Galaxies: Jets, Hydrodynamics, Methods: Numerical},
	Month = jan,
	Pages = {69-81},
	Title = {{Accretion of Low Angular Momentum Material onto Black Holes: Two-dimensional Hydrodynamical Inviscid Case}},
	Volume = 582,
	Year = 2003,
	Bdsk-Url-1 = {http://dx.doi.org/10.1086/344537}}

@ARTICLE{meyerVerticalStructureAccretion1982,
       author = {{Meyer}, F. and {Meyer-Hofmeister}, E.},
        title = "{Vertical structure of accretion disks}",
      journal = {\aap},
     keywords = {Convection, Energy Transfer, Neutron Stars, Radiative Transfer, Stellar Mass Accretion, Variable Stars, Disks (Shapes), Eclipsing Binary Stars, Vertical Orientation, X Ray Binaries, X Ray Irradiation, X Ray Sources, Astrophysics},
         year = "1982",
        month = "Feb",
       volume = {106},
       number = {1},
        pages = {34-42},
       adsurl = {https://ui.adsabs.harvard.edu/abs/1982A&A...106...34M},
      adsnote = {Provided by the SAO/NASA Astrophysics Data System}
}


@ARTICLE{Meisenheimer07,
   Author = {{Meisenheimer}, K. and {Tristram}, K.~R.~W. and {Jaffe}, W. and 
	{Israel}, F. and {Neumayer}, N. and {Raban}, D. and {R{\"o}ttgering}, H. and 
	{Cotton}, W.~D. and {Graser}, U. and {Henning}, T. and {Leinert}, C. and 
	{Lopez}, B. and {Perrin}, G. and {Prieto}, A.},
    title = "{Resolving the innermost parsec of Centaurus A at mid-infrared wavelengths}",
  journal = {\aap},
archivePrefix = "arXiv",
   eprint = {0707.0177},
 keywords = {galaxies: individual: Centaurus A (NGC 5128), galaxies: nuclei, radiation mechanism: non-thermal, techniques: interferometric, methods: observational},
     year = 2007,
    month = aug,
   volume = 471,
    pages = {453-465},
      doi = {10.1051/0004-6361:20066967},
   adsurl = {http://adsabs.harvard.edu/abs/2007A%26A...471..453M},
  adsnote = {Provided by the SAO/NASA Astrophysics Data System}
}

@article{Murr05,
	Adsnote = {Provided by the SAO/NASA Astrophysics Data System},
	Adsurl = {http://adsabs.harvard.edu/abs/2005ApJ...618..569M},
	Author = {{Murray}, N. and {Quataert}, E. and {Thompson}, T.~A.},
	Doi = {10.1086/426067},
	Eprint = {arXiv:astro-ph/0406070},
	Journal = {\apj},
	Keywords = {Galaxies: Formation, Galaxies: Fundamental Parameters, Galaxies: General, Galaxies: Starburst, Galaxies: Intergalactic Medium},
	Month = jan,
	Pages = {569-585},
	Title = {{On the Maximum Luminosity of Galaxies and Their Central Black Holes: Feedback from Momentum-driven Winds}},
	Volume = 618,
	Year = 2005,
	Bdsk-Url-1 = {http://dx.doi.org/10.1086/426067}}

@article{Narayanetal03,
	Adsnote = {Provided by the SAO/NASA Astrophysics Data System},
	Adsurl = {http://adsabs.harvard.edu/abs/2003PASJ...55L..69N},
	Author = {{Narayan}, R. and {Igumenshchev}, I.~V. and {Abramowicz}, M.~A.},
	Eprint = {arXiv:astro-ph/0305029},
	Journal = {\pasj},
	Keywords = {accretion, accretion disks, black hole physics, galaxies: active, galaxies: nuclei, galaxies: quasars: general, magnetic fields, magnetohydrodynamics: MHD},
	Month = dec,
	Pages = {L69-L72},
	Title = {{Magnetically Arrested Disk: an Energetically Efficient Accretion Flow}},
	Volume = 55,
	Year = 2003}

@article{Nenkova08,
	Adsnote = {Provided by the SAO/NASA Astrophysics Data System},
	Adsurl = {http://adsabs.harvard.edu/abs/2008ApJ...685..147N},
	Archiveprefix = {arXiv},
	Author = {{Nenkova}, M. and {Sirocky}, M.~M. and {Ivezi{\'c}}, {\v Z}. and {Elitzur}, M.},
	Doi = {10.1086/590482},
	Eprint = {0806.0511},
	Journal = {\apj},
	Keywords = {ISM: Dust, Extinction, Galaxies: Active, Galaxies: Seyfert, Infrared: General, Galaxies: Quasars: General, Radiative Transfer},
	Month = sep,
	Pages = {147-159},
	Title = {{AGN Dusty Tori. I. Handling of Clumpy Media}},
	Volume = 685,
	Year = 2008,
	Bdsk-Url-1 = {http://dx.doi.org/10.1086/590482}}

@article{Nenkova08b,
	Adsnote = {Provided by the SAO/NASA Astrophysics Data System},
	Adsurl = {http://adsabs.harvard.edu/abs/2008ApJ...685..160N},
	Archiveprefix = {arXiv},
	Author = {{Nenkova}, M. and {Sirocky}, M.~M. and {Nikutta}, R. and {Ivezi{\'c}}, {\v Z}. and {Elitzur}, M.},
	Doi = {10.1086/590483},
	Eprint = {0806.0512},
	Journal = {\apj},
	Keywords = {ISM: Dust, Extinction, Galaxies: Active, Galaxies: Seyfert, Infrared: General, Galaxies: Quasars: General, Radiative Transfer},
	Month = sep,
	Pages = {160-180},
	Title = {{AGN Dusty Tori. II. Observational Implications of Clumpiness}},
	Volume = 685,
	Year = 2008,
	Bdsk-Url-1 = {http://dx.doi.org/10.1086/590483}}

@article{NeumannRichtmyer50,
	Adsnote = {Provided by the SAO/NASA Astrophysics Data System},
	Adsurl = {http://adsabs.harvard.edu/abs/1950JAP....21..232V},
	Author = {{von Neumann}, J. and {Richtmyer}, R.~D.},
	Doi = {10.1063/1.1699639},
	Journal = {Journal of Applied Physics},
	Month = mar,
	Pages = {232-237},
	Title = {{A Method for the Numerical Calculation of Hydrodynamic Shocks}},
	Volume = 21,
	Year = 1950,
	Bdsk-Url-1 = {http://dx.doi.org/10.1063/1.1699639}}

@article{NovakOstriker2012,
	Adsnote = {Provided by the SAO/NASA Astrophysics Data System},
	Adsurl = {http://adsabs.harvard.edu/abs/2012MNRAS.427.2734N},
	Archiveprefix = {arXiv},
	Author = {{Novak}, G.~S. and {Ostriker}, J.~P. and {Ciotti}, L.},
	Doi = {10.1111/j.1365-2966.2012.21844.x},
	Eprint = {1203.6062},
	Journal = {\mnras},
	Keywords = {blackhole physics, radiative transfer, methods: numerical, galaxies: active, quasars: general},
	Month = dec,
	Pages = {2734-2756},
	Primaryclass = {astro-ph.GA},
	Title = {{Radiative transfer and radiative driving of outflows in active galactic nuclei and starbursts}},
	Volume = 427,
	Year = 2012,
	Bdsk-Url-1 = {http://dx.doi.org/10.1111/j.1365-2966.2012.21844.x}}

@article{Nikutta09,
	Adsnote = {Provided by the SAO/NASA Astrophysics Data System},
	Adsurl = {http://adsabs.harvard.edu/abs/2009ApJ...707.1550N},
	Archiveprefix = {arXiv},
	Author = {{Nikutta}, R. and {Elitzur}, M. and {Lacy}, M.},
	Doi = {10.1088/0004-637X/707/2/1550},
	Eid = {1550},
	Eprint = {0910.5521},
	Journal = {\apj},
	Keywords = {dust, extinction, galaxies: active, infrared: general, quasars: individual: PG1211+143 SST1721+6012, radiative transfer},
	Month = dec,
	Pages = {1550-1559},
	Primaryclass = {astro-ph.CO},
	Title = {{On the 10 {$\mu$}m Silicate Feature in Active Galactic Nuclei}},
	Volume = 707,
	Year = 2009,
	Bdsk-Url-1 = {http://dx.doi.org/10.1088/0004-637X/707/2/1550}}

@ARTICLE{Noble2010,
   author = {{Noble}, S.~C. and {Krolik}, J.~H. and {Hawley}, J.~F.},
    title = "{Dependence of Inner Accretion Disk Stress on Parameters: The Schwarzschild Case}",
  journal = {\apj},
archivePrefix = "arXiv",
   eprint = {1001.4809},
 primaryClass = "astro-ph.HE",
 keywords = {accretion, accretion disks, black hole physics, magnetohydrodynamics: MHD, radiative transfer},
     year = 2010,
    month = mar,
   volume = 711,
    pages = {959-973},
      doi = {10.1088/0004-637X/711/2/959},
   adsurl = {http://adsabs.harvard.edu/abs/2010ApJ...711..959N},
  adsnote = {Provided by the SAO/NASA Astrophysics Data System}
}

@article{Ostriker10,
	Adsnote = {Provided by the SAO/NASA Astrophysics Data System},
	Adsurl = {http://adsabs.harvard.edu/abs/2010ApJ...721..975O},
	Archiveprefix = {arXiv},
	Author = {{Ostriker}, E.~C. and {McKee}, C.~F. and {Leroy}, A.~K.},
	Doi = {10.1088/0004-637X/721/2/975},
	Eprint = {1008.0410},
	Journal = {\apj},
	Keywords = {galaxies: ISM, galaxies: spiral, ISM: kinematics and dynamics, galaxies: star formation, turbulence},
	Month = oct,
	Pages = {975-994},
	Primaryclass = {astro-ph.CO},
	Title = {{Regulation of Star Formation Rates in Multiphase Galactic Disks: A Thermal/Dynamical Equilibrium Model}},
	Volume = 721,
	Year = 2010,
	Bdsk-Url-1 = {http://dx.doi.org/10.1088/0004-637X/721/2/975}}

@article{Ostriker76,
	Adsnote = {Provided by the SAO/NASA Astrophysics Data System},
	Adsurl = {http://adsabs.harvard.edu/abs/1976ApJ...208L..61O},
	Author = {{Ostriker}, J.~P. and {Weaver}, R. and {Yahil}, A. and {McCray}, R.},
	Doi = {10.1086/182233},
	Journal = {\apjl},
	Keywords = {Black Holes (Astronomy), Gas Heating, Stellar Luminosity, X Ray Sources, Globular Clusters, Radiant Heating, Steady Flow, Stellar Mass Ejection, Stellar Models},
	Month = sep,
	Pages = {L61-L65},
	Title = {{A new luminosity limit for spherical accretion onto compact X-ray sources}},
	Volume = 208,
	Year = 1976,
	Bdsk-Url-1 = {http://dx.doi.org/10.1086/182233}}

@article{OwoCastRib,
	Adsnote = {Provided by the SAO/NASA Astrophysics Data System},
	Adsurl = {http://adsabs.harvard.edu/abs/1988ApJ...335..914O},
	Author = {{Owocki}, S.~P. and {Castor}, J.~I. and {Rybicki}, G.~B.},
	Doi = {10.1086/166977},
	Journal = {\apj},
	Keywords = {Balmer Series, Hydrodynamic Equations, Magnetohydrodynamic Stability, Nonlinear Evolution Equations, Radiative Transfer, Stellar Winds, Absorption Spectra, Asymptotic Methods, Infrared Spectra, O Stars, Optical Thickness, Sobolev Space, Wave Propagation},
	Month = dec,
	Pages = {914-930},
	Title = {{Time-dependent models of radiatively driven stellar winds. I - Nonlinear evolution of instabilities for a pure absorption model}},
	Volume = 335,
	Year = 1988,
	Bdsk-Url-1 = {http://dx.doi.org/10.1086/166977}}

@article{OwockiCohen06,
	Adsnote = {Provided by the SAO/NASA Astrophysics Data System},
	Adsurl = {http://cdsads.u-strasbg.fr/abs/2006ApJ...648..565O},
	Author = {{Owocki}, S.~P. and {Cohen}, D.~H.},
	Doi = {10.1086/505698},
	Eprint = {arXiv:astro-ph/0602054},
	Journal = {\apj},
	Keywords = {Line: Profiles, Stars: Early-Type, Stars: Mass Loss, Stars: Winds, Outflows, X-Rays: Stars},
	Month = sep,
	Pages = {565-571},
	Title = {{The Effect of Porosity on X-Ray Emission-Line Profiles from Hot-Star Winds}},
	Volume = 648,
	Year = 2006,
	Bdsk-Url-1 = {http://dx.doi.org/10.1086/505698}}

@article{Page11,
	Adsnote = {Provided by the SAO/NASA Astrophysics Data System},
	Adsurl = {http://adsabs.harvard.edu/abs/2011MNRAS.416.2792P},
	Archiveprefix = {arXiv},
	Author = {{Page}, M.~J. and {Carrera}, F.~J. and {Stevens}, J.~A. and {Ebrero}, J. and {Blustin}, A.~J.},
	Doi = {10.1111/j.1365-2966.2011.19226.x},
	Eprint = {1106.2797},
	Journal = {\mnras},
	Keywords = {galaxies: active, galaxies: evolution, galaxies: formation, X-rays: galaxies},
	Month = oct,
	Pages = {2792-2801},
	Primaryclass = {astro-ph.CO},
	Title = {{The nature of X-ray-absorbed quasi-stellar objects}},
	Volume = 416,
	Year = 2011,
	Bdsk-Url-1 = {http://dx.doi.org/10.1111/j.1365-2966.2011.19226.x}}

@article{PapaloizouPringle84,
	Adsnote = {Provided by the SAO/NASA Astrophysics Data System},
	Adsurl = {http://adsabs.harvard.edu/abs/1984MNRAS.208..721P},
	Author = {{Papaloizou}, J.~C.~B. and {Pringle}, J.~E.},
	Journal = {\mnras},
	Keywords = {ACCRETION DISKS, ANGULAR MOMENTUM, ASTRONOMICAL MODELS, DYNAMIC STABILITY, ROTATING FLUIDS, TORUSES, EIGENVALUES, PERTURBATION THEORY, POLYTROPIC PROCESSES, QUASARS},
	Month = jun,
	Pages = {721-750},
	Title = {{The dynamical stability of differentially rotating discs with constant specific angular momentum}},
	Volume = 208,
	Year = 1984}

@article{PierKrolik92,
	Adsnote = {Provided by the SAO/NASA Astrophysics Data System},
	Adsurl = {http://adsabs.harvard.edu/abs/1992ApJ...399L..23P},
	Author = {{Pier}, E.~A. and {Krolik}, J.~H.},
	Doi = {10.1086/186597},
	Journal = {\apjl},
	Keywords = {ACTIVE GALACTIC NUCLEI, COSMIC DUST, MOLECULAR CLOUDS, RADIATION PRESSURE, SEYFERT GALAXIES, TORUSES, ASTRONOMICAL MODELS, COULOMB COLLISIONS, RADIATIVE TRANSFER},
	Month = nov,
	Pages = {L23-L26},
	Title = {{Radiation-pressure-supported obscuring tori around active galactic nuclei}},
	Volume = 399,
	Year = 1992,
	Bdsk-Url-1 = {http://dx.doi.org/10.1086/186597}}

@ARTICLE{PierKrolik93,
   author = {{Pier}, E.~A. and {Krolik}, J.~H.},
    title = "{Infrared Spectra of Obscuring Dust Tori around Active Galactic Nuclei. II. Comparison with Observations}",
  journal = {\apj},
 keywords = {GALAXIES: ACTIVE, GALAXIES: NUCLEI, GALAXIES: SEYFERT, INFRARED: GALAXIES, ISM: DUST, EXTINCTION},
     year = 1993,
    month = dec,
   volume = 418,
    pages = {673},
      doi = {10.1086/173427},
   adsurl = {http://adsabs.harvard.edu/abs/1993ApJ...418..673P},
  adsnote = {Provided by the SAO/NASA Astrophysics Data System}
}




@inproceedings{Phinney89,
	Adsnote = {Provided by the SAO/NASA Astrophysics Data System},
	Adsurl = {http://adsabs.harvard.edu/abs/1989tad..conf..457P},
	Author = {{Phinney}, E.~S.},
	Booktitle = {NATO ASIC Proc. 290: Theory of Accretion Disks},
	Editor = {{F.~Meyer}},
	Pages = {457-+},
	Title = {{Dusty Disks and the Infrared Emission from AGN}},
	Year = 1989}

@book{NRBook92,
	Adsnote = {Provided by the SAO/NASA Astrophysics Data System},
	Adsurl = {http://adsabs.harvard.edu/abs/1992nrfa.book.....P},
	Author = {{Press}, W.~H. and {Teukolsky}, S.~A. and {Vetterling}, W.~T. and {Flannery}, B.~P.},
	Booktitle = {Cambridge: University Press, |c1992, 2nd ed.},
	Editor = {{Press, W.~H., Teukolsky, S.~A., Vetterling, W.~T., \& Flannery, B.~P.}},
	Title = {{Numerical recipes in FORTRAN. The art of scientific computing}},
	Year = 1992}

@article{Price12,
	Adsnote = {Provided by the SAO/NASA Astrophysics Data System},
	Adsurl = {http://adsabs.harvard.edu/abs/2012JCoPh.231..759P},
	Archiveprefix = {arXiv},
	Author = {{Price}, D.~J.},
	Doi = {10.1016/j.jcp.2010.12.011},
	Eprint = {1012.1885},
	Journal = {Journal of Computational Physics},
	Month = feb,
	Pages = {759-794},
	Primaryclass = {astro-ph.IM},
	Title = {{Smoothed particle hydrodynamics and magnetohydrodynamics}},
	Volume = 231,
	Year = 2012,
	Bdsk-Url-1 = {http://dx.doi.org/10.1016/j.jcp.2010.12.011}}

@article{Pringle92,
	Adsnote = {Provided by the SAO/NASA Astrophysics Data System},
	Adsurl = {http://adsabs.harvard.edu/abs/1992MNRAS.258..811P},
	Author = {{Pringle}, J.~E.},
	Journal = {\mnras},
	Keywords = {Accretion Disks, Astronomical Models, Celestial Mechanics, Kepler Laws, Newtonian Fluids, Stellar Motions, Torque},
	Month = oct,
	Pages = {811-818},
	Title = {{A simple approach to the evolution of twisted accretion discs}},
	Volume = 258,
	Year = 1992}

@ARTICLE{ProgaKallman2004,
       author = {{Proga}, Daniel and {Kallman}, Timothy R.},
        title = "{Dynamics of Line-driven Disk Winds in Active Galactic Nuclei. II. Effects of Disk Radiation}",
      journal = {\apj},
     keywords = {Accretion, Accretion Disks, Galaxies: Active, Galaxies: Nuclei, Methods: Numerical, Galaxies: Quasars: General, Astrophysics},
         year = 2004,
        month = dec,
       volume = {616},
       number = {2},
        pages = {688-695},
          doi = {10.1086/425117},
archivePrefix = {arXiv},
       eprint = {astro-ph/0408293},
 primaryClass = {astro-ph},
       adsurl = {https://ui.adsabs.harvard.edu/abs/2004ApJ...616..688P},
      adsnote = {Provided by the SAO/NASA Astrophysics Data System}
}


@article{ProgaStoneKallman00,
	Adsnote = {Provided by the SAO/NASA Astrophysics Data System},
	Adsurl = {http://adsabs.harvard.edu/abs/2000ApJ...543..686P},
	Author = {{Proga}, D. and {Stone}, J.~M. and {Kallman}, T.~R.},
	Doi = {10.1086/317154},
	Eprint = {arXiv:astro-ph/0005315},
	Journal = {\apj},
	Keywords = {Accretion, Accretion Disks, Galaxies: Active, Hydrodynamics, Instabilities, Methods: Numerical},
	Month = nov,
	Pages = {686-696},
	Title = {{Dynamics of Line-driven Disk Winds in Active Galactic Nuclei}},
	Volume = 543,
	Year = 2000,
	Bdsk-Url-1 = {http://dx.doi.org/10.1086/317154}}

@article{Proga07,
	Adsnote = {Provided by the SAO/NASA Astrophysics Data System},
	Adsurl = {http://adsabs.harvard.edu/abs/2007ApJ...661..693P},
	Author = {{Proga}, D.},
	Doi = {10.1086/515389},
	Eprint = {astro-ph/0702582},
	Journal = {\apj},
	Keywords = {Accretion, Accretion Disks, Methods: Numerical},
	Month = jun,
	Pages = {693-702},
	Title = {{Dynamics of Accretion Flows Irradiated by a Quasar}},
	Volume = 661,
	Year = 2007,
	Bdsk-Url-1 = {http://dx.doi.org/10.1086/515389}}

@article{Proga_etal08,
	Adsnote = {Provided by the SAO/NASA Astrophysics Data System},
	Adsurl = {http://adsabs.harvard.edu/abs/2008ApJ...676..101P},
	Archiveprefix = {arXiv},
	Author = {{Proga}, D. and {Ostriker}, J.~P. and {Kurosawa}, R.},
	Doi = {10.1086/527535},
	Eprint = {0708.4037},
	Journal = {\apj},
	Keywords = {Accretion, Accretion Disks, Galaxies: Active, Galaxies: Nuclei, Methods: Numerical, Galaxies: Quasars: General},
	Month = mar,
	Pages = {101-112},
	Title = {{Dynamics of Rotating Accretion Flows Irradiated by a Quasar}},
	Volume = 676,
	Year = 2008,
	Bdsk-Url-1 = {http://dx.doi.org/10.1086/527535}}

@article{Rafikov09,
	Adsnote = {Provided by the SAO/NASA Astrophysics Data System},
	Adsurl = {http://adsabs.harvard.edu/abs/2009ApJ...704..281R},
	Archiveprefix = {arXiv},
	Author = {{Rafikov}, R.~R.},
	Doi = {10.1088/0004-637X/704/1/281},
	Eprint = {0901.4739},
	Journal = {\apj},
	Keywords = {accretion, accretion disks, instabilities, planetary systems: protoplanetary disks, quasars: general},
	Month = oct,
	Pages = {281-291},
	Primaryclass = {astro-ph.EP},
	Title = {{Properties of Gravitoturbulent Accretion Disks}},
	Volume = 704,
	Year = 2009,
	Bdsk-Url-1 = {http://dx.doi.org/10.1088/0004-637X/704/1/281}}

@article{Raban09,
	Adsnote = {Provided by the SAO/NASA Astrophysics Data System},
	Adsurl = {http://adsabs.harvard.edu/abs/2009MNRAS.394.1325R},
	Archiveprefix = {arXiv},
	Author = {{Raban}, D. and {Jaffe}, W. and {R{\"o}ttgering}, H. and {Meisenheimer}, K. and {Tristram}, K.~R.~W.},
	Doi = {10.1111/j.1365-2966.2009.14439.x},
	Eprint = {0901.1306},
	Journal = {\mnras},
	Keywords = {techniques: interferometric , galaxies: individual: NGC 1068 , galaxies: Seyfert , infrared: galaxies},
	Month = apr,
	Pages = {1325-1337},
	Title = {{Resolving the obscuring torus in NGC 1068 with the power of infrared interferometry: revealing the inner funnel of dust}},
	Volume = 394,
	Year = 2009,
	Bdsk-Url-1 = {http://dx.doi.org/10.1111/j.1365-2966.2009.14439.x}}

@article{RamosAlmeida09,
	Adsnote = {Provided by the SAO/NASA Astrophysics Data System},
	Adsurl = {http://adsabs.harvard.edu/abs/2009ApJ...702.1127R},
	Archiveprefix = {arXiv},
	Author = {{Ramos Almeida}, C. and {Levenson}, N.~A. and {Rodr{\'{\i}}guez Espinosa}, J.~M. and {Alonso-Herrero}, A. and {Asensio Ramos}, A. and {Radomski}, J.~T. and {Packham}, C. and {Fisher}, R.~S. and {Telesco}, C.~M.},
	Doi = {10.1088/0004-637X/702/2/1127},
	Eprint = {0906.5368},
	Journal = {\apj},
	Keywords = {galaxies: active, galaxies: nuclei, galaxies: Seyfert, infrared: galaxies},
	Month = sep,
	Pages = {1127-1149},
	Primaryclass = {astro-ph.CO},
	Title = {{The Infrared Nuclear Emission of Seyfert Galaxies on Parsec Scales: Testing the Clumpy Torus Models}},
	Volume = 702,
	Year = 2009,
	Bdsk-Url-1 = {http://dx.doi.org/10.1088/0004-637X/702/2/1127}}

@article{RamosAlmeida11,
	Adsnote = {Provided by the SAO/NASA Astrophysics Data System},
	Adsurl = {http://adsabs.harvard.edu/abs/2011ApJ...731...92R},
	Archiveprefix = {arXiv},
	Author = {{Ramos Almeida}, C. and {Levenson}, N.~A. and {Alonso-Herrero}, A. and {Asensio Ramos}, A. and {Rodr{\'{\i}}guez Espinosa}, J.~M. and {P{\'e}rez Garc{\'{\i}}a}, A.~M. and {Packham}, C. and {Mason}, R. and {Radomski}, J.~T. and {D{\'{\i}}az-Santos}, T.},
	Doi = {10.1088/0004-637X/731/2/92},
	Eid = {92},
	Eprint = {1101.3335},
	Journal = {\apj},
	Keywords = {galaxies: active, galaxies: nuclei, galaxies: Seyfert, infrared: galaxies},
	Month = apr,
	Pages = {92},
	Primaryclass = {astro-ph.CO},
	Title = {{Testing the Unification Model for Active Galactic Nuclei in the Infrared: Are the Obscuring Tori of Type 1 and 2 Seyferts Different?}},
	Volume = 731,
	Year = 2011,
	Bdsk-Url-1 = {http://dx.doi.org/10.1088/0004-637X/731/2/92}}

@article{RamosAlmeida12,
	Adsnote = {Provided by the SAO/NASA Astrophysics Data System},
	Adsurl = {http://adsabs.harvard.edu/abs/2012JPhCS.372a2004R},
	Archiveprefix = {arXiv},
	Author = {{Ramos Almeida}, C. and {Levenson}, N.~A. and {Alonso-Herrero}, A. and {Asensio Ramos}, A. and {Rodr{\'{\i}}guez Espinosa}, J.~M. and {P{\'e}rez Garc{\'{\i}}a}, A.~M. and {Packham}, C. and {Mason}, R. and {Radomski}, J.~T. and {D{\'{\i}}az-Santos}, T.},
	Doi = {10.1088/1742-6596/372/1/012004},
	Eid = {012004},
	Eprint = {1201.4240},
	Journal = {Journal of Physics Conference Series},
	Month = jul,
	Number = 1,
	Pages = {012004},
	Primaryclass = {astro-ph.CO},
	Title = {{Testing the AGN Unification Model in the Infrared}},
	Volume = 372,
	Year = 2012,
	Bdsk-Url-1 = {http://dx.doi.org/10.1088/1742-6596/372/1/012004}}

@article{Reeves03,
	Adsnote = {Provided by the SAO/NASA Astrophysics Data System},
	Adsurl = {http://adsabs.harvard.edu/abs/2003ApJ...593L..65R},
	Author = {{Reeves}, J.~N. and {O'Brien}, P.~T. and {Ward}, M.~J.},
	Doi = {10.1086/378218},
	Eprint = {arXiv:astro-ph/0307127},
	Journal = {\apjl},
	Keywords = {Galaxies: Active, Galaxies: Quasars: Individual: Alphanumeric: PDS 456, X-Rays: Galaxies},
	Month = aug,
	Pages = {L65-L68},
	Title = {{A Massive X-Ray Outflow from the Quasar PDS 456}},
	Volume = 593,
	Year = 2003,
	Bdsk-Url-1 = {http://dx.doi.org/10.1086/378218}}

@article{RheeLarkin,
	Adsnote = {Provided by the SAO/NASA Astrophysics Data System},
	Adsurl = {http://adsabs.harvard.edu/abs/2006ApJ...640..625R},
	Author = {{Rhee}, J.~H. and {Larkin}, J.~E.},
	Doi = {10.1086/500122},
	Eprint = {arXiv:astro-ph/0512050},
	Journal = {\apj},
	Keywords = {Galaxies: Active, Galaxies: Nuclei, Galaxies: Seyfert, Infrared: Galaxies},
	Month = apr,
	Pages = {625-638},
	Title = {{The First Spatially Resolved Mid-Infrared Spectra of NGC 1068 Obtained at Diffraction-limited Resolution with the Keck I Telescope Long Wavelength Spectrometer}},
	Volume = 640,
	Year = 2006,
	Bdsk-Url-1 = {http://dx.doi.org/10.1086/500122}}

@article{Reynolds97,
	Adsnote = {Provided by the SAO/NASA Astrophysics Data System},
	Adsurl = {http://adsabs.harvard.edu/abs/1997MNRAS.286..513R},
	Author = {{Reynolds}, C.~S.},
	Eprint = {arXiv:astro-ph/9610127},
	Journal = {\mnras},
	Keywords = {ACCRETION, ACCRETION DISCS, PLASMAS, GALAXIES: ACTIVE, GALAXIES: SEYFERT, X-RAYS: GALAXIES},
	Month = apr,
	Pages = {513-537},
	Title = {{An X-ray spectral study of 24 type 1 active galactic nuclei}},
	Volume = 286,
	Year = 1997}

@ARTICLE{Rieke81,
   Author = {{Rieke}, G.~H. and {Lebofsky}, M.~J.},
    title = "{Spectral components of NGC 4151}",
  journal = {\apj},
 keywords = {Astronomical Models, Galactic Nuclei, Infrared Spectra, Interstellar Matter, Seyfert Galaxies, Spectrophotometry, Continuous Radiation, Cosmic Dust, Interstellar Extinction, Nonthermal Radiation, Red Shift, Spectrum Analysis},
     year = 1981,
    month = nov,
   volume = 250,
    pages = {87-97},
      doi = {10.1086/159350},
   adsurl = {http://adsabs.harvard.edu/abs/1981ApJ...250...87R},
  adsnote = {Provided by the SAO/NASA Astrophysics Data System}
}

@article{Rivers11,
	Adsnote = {Provided by the SAO/NASA Astrophysics Data System},
	Adsurl = {http://adsabs.harvard.edu/abs/2011ApJ...742L..29R},
	Archiveprefix = {arXiv},
	Author = {{Rivers}, E. and {Markowitz}, A. and {Rothschild}, R.},
	Doi = {10.1088/2041-8205/742/2/L29},
	Eid = {L29},
	Eprint = {1110.0047},
	Journal = {\apjl},
	Keywords = {galaxies: active, galaxies: individual: Cen A, X-rays: galaxies},
	Month = dec,
	Pages = {L29},
	Primaryclass = {astro-ph.HE},
	Title = {{An Occultation Event in Centaurus A and the Clumpy Torus Model}},
	Volume = 742,
	Year = 2011,
	Bdsk-Url-1 = {http://dx.doi.org/10.1088/2041-8205/742/2/L29}}

@article{Richards06,
	Adsnote = {Provided by the SAO/NASA Astrophysics Data System},
	Adsurl = {http://adsabs.harvard.edu/abs/2006ApJS..166..470R},
	Author = {{Richards}, G.~T. and {Lacy}, M. and {Storrie-Lombardi}, L.~J. and {Hall}, P.~B. and {Gallagher}, S.~C. and {Hines}, D.~C. and {Fan}, X. and {Papovich}, C. and {Vanden Berk}, D.~E. and {Trammell}, G.~B. and {Schneider}, D.~P. and {Vestergaard}, M. and {York}, D.~G. and {Jester}, S. and {Anderson}, S.~F. and {Budav{\'a}ri}, T. and {Szalay}, A.~S.},
	Doi = {10.1086/506525},
	Eprint = {arXiv:astro-ph/0601558},
	Journal = {\apjs},
	Keywords = {Catalogs, Galaxies: Active, Infrared: Galaxies, Galaxies: Quasars: General, Radio Continuum: Galaxies, Surveys, Ultraviolet: Galaxies, X-Rays: Galaxies},
	Month = oct,
	Pages = {470-497},
	Title = {{Spectral Energy Distributions and Multiwavelength Selection of Type 1 Quasars}},
	Volume = 166,
	Year = 2006,
	Bdsk-Url-1 = {http://dx.doi.org/10.1086/506525}}

@article{Roche06,
	Adsnote = {Provided by the SAO/NASA Astrophysics Data System},
	Adsurl = {http://adsabs.harvard.edu/abs/2006MNRAS.367.1689R},
	Author = {{Roche}, P.~F. and {Packham}, C. and {Telesco}, C.~M. and {Radomski}, J.~T. and {Alonso-Herrero}, A. and {Aitken}, D.~K. and {Colina}, L. and {Perlman}, E.},
	Doi = {10.1111/j.1365-2966.2006.10072.x},
	Eprint = {arXiv:astro-ph/0601361},
	Journal = {\mnras},
	Keywords = {galaxies: individual: Circinus, galaxies: ISM, galaxies: nuclei, infrared: galaxies},
	Month = apr,
	Pages = {1689-1698},
	Title = {{Mid-infrared, spatially resolved spectroscopy of the nucleus of the Circinus galaxy}},
	Volume = 367,
	Year = 2006,
	Bdsk-Url-1 = {http://dx.doi.org/10.1111/j.1365-2966.2006.10072.x}}

@article{Roth2012,
	Adsnote = {Provided by the SAO/NASA Astrophysics Data System},
	Adsurl = {http://adsabs.harvard.edu/abs/2012arXiv1204.0063R},
	Archiveprefix = {arXiv},
	Author = {{Roth}, N. and {Kasen}, D. and {Hopkins}, P.~F. and {Quataert}, E.},
	Eprint = {1204.0063},
	Journal = {ArXiv e-prints},
	Keywords = {Astrophysics - Galaxy Astrophysics, Astrophysics - Cosmology and Extragalactic Astrophysics, Astrophysics - High Energy Astrophysical Phenomena},
	Month = mar,
	Primaryclass = {astro-ph.GA},
	Title = {{3-D Radiative Transfer Calculations of Radiation Feedback from Massive Black Holes: Outflow of Mass from the Dusty ''Torus''}},
	Year = 2012}

@article{Rowan-Robinson77,
	Adsnote = {Provided by the SAO/NASA Astrophysics Data System},
	Adsurl = {http://adsabs.harvard.edu/abs/1977ApJ...213..635R},
	Author = {{Rowan-Robinson}, M.},
	Doi = {10.1086/155195},
	Journal = {\apj},
	Keywords = {ASTRONOMICAL MODELS, GALACTIC NUCLEI, PROBABILITY DISTRIBUTION FUNCTIONS, QUASARS, RADIO GALAXIES, SEYFERT GALAXIES, SPIRAL GALAXIES, ASTROPHYSICS, ELLIPTICAL GALAXIES, GALACTIC EVOLUTION, GALACTIC STRUCTURE, INFRARED RADIATION, RADIANT FLUX DENSITY, RADIO SOURCES (ASTRONOMY)},
	Month = may,
	Pages = {635-647},
	Title = {{On the unity of activity in galaxies}},
	Volume = 213,
	Year = 1977,
	Bdsk-Url-1 = {http://dx.doi.org/10.1086/155195}}

@ARTICLE{Sano04,
   author = {{Sano}, T. and {Inutsuka}, S.-i. and {Turner}, N.~J. and {Stone}, J.~M.
	},
    title = "{Angular Momentum Transport by Magnetohydrodynamic Turbulence in Accretion Disks: Gas Pressure Dependence of the Saturation Level of the Magnetorotational Instability}",
  journal = {\apj},
   eprint = {astro-ph/0312480},
 keywords = {Accretion, Accretion Disks, Diffusion, Instabilities, Magnetohydrodynamics: MHD, Turbulence},
     year = 2004,
    month = apr,
   volume = 605,
    pages = {321-339},
      doi = {10.1086/382184},
   adsurl = {http://adsabs.harvard.edu/abs/2004ApJ...605..321S},
  adsnote = {Provided by the SAO/NASA Astrophysics Data System}
}


@article{Schartmann09,
	Adsnote = {Provided by the SAO/NASA Astrophysics Data System},
	Adsurl = {http://adsabs.harvard.edu/abs/2008A%26A...482...67S},
	Archiveprefix = {arXiv},
	Author = {{Schartmann}, M. and {Meisenheimer}, K. and {Camenzind}, M. and {Wolf}, S. and {Tristram}, K.~R.~W. and {Henning}, T.},
	Doi = {10.1051/0004-6361:20078907},
	Eprint = {0802.2604},
	Journal = {\aap},
	Keywords = {galaxies: active, galaxies: nuclei, galaxies: Seyfert, radiative, transfer, ISM: dust, extinction, galaxies: individual: Circinus},
	Month = apr,
	Pages = {67-80},
	Title = {{Three-dimensional radiative transfer models of clumpy tori in Seyfert galaxies}},
	Volume = 482,
	Year = 2008,
	Bdsk-Url-1 = {http://dx.doi.org/10.1051/0004-6361:20078907}}

@article{ShakuraSunyaev73,
	Adsnote = {Provided by the SAO/NASA Astrophysics Data System},
	Adsurl = {http://adsabs.harvard.edu/abs/1973A%26A....24..337S},
	Author = {{Shakura}, N.~I. and {Sunyaev}, R.~A.},
	Journal = {\aap},
	Pages = {337-355},
	Title = {{Black holes in binary systems. Observational appearance.}},
	Volume = 24,
	Year = 1973}

@article{Shaviv98,
	Adsnote = {Provided by the SAO/NASA Astrophysics Data System},
	Adsurl = {http://adsabs.harvard.edu/abs/1998ApJ...494L.193S},
	Author = {{Shaviv}, N.~J.},
	Doi = {10.1086/311182},
	Journal = {\apjl},
	Keywords = {RADIATIVE TRANSFER, STARS: NOVAE, CATACLYSMIC VARIABLES},
	Month = feb,
	Pages = {L193},
	Title = {{The Eddington Luminosity Limit for Multiphased Media}},
	Volume = 494,
	Year = 1998,
	Bdsk-Url-1 = {http://dx.doi.org/10.1086/311182}}

@article{Shaviv00,
	Adsnote = {Provided by the SAO/NASA Astrophysics Data System},
	Adsurl = {http://adsabs.harvard.edu/abs/2000ApJ...532L.137S},
	Author = {{Shaviv}, N.~J.},
	Doi = {10.1086/312585},
	Eprint = {arXiv:astro-ph/0002212},
	Journal = {\apjl},
	Keywords = {HYDRODYNAMICS, INSTABILITIES, RADIATIVE TRANSFER, STARS: ATMOSPHERES, STARS: INDIVIDUAL: CONSTELLATION NAME: {$\eta$} CARINAE},
	Month = apr,
	Pages = {L137-L140},
	Title = {{The Porous Atmosphere of {$\eta$} Carinae}},
	Volume = 532,
	Year = 2000,
	Bdsk-Url-1 = {http://dx.doi.org/10.1086/312585}}

@article{Schartmann2014,
	Adsnote = {Provided by the SAO/NASA Astrophysics Data System},
	Adsurl = {http://adsabs.harvard.edu/abs/2014MNRAS.445.3878S},
	Archiveprefix = {arXiv},
	Author = {{Schartmann}, M. and {Wada}, K. and {Prieto}, M.~A. and {Burkert}, A. and {Tristram}, K.~R.~W.},
	Doi = {10.1093/mnras/stu2020},
	Eprint = {1409.7404},
	Journal = {\mnras},
	Keywords = {hydrodynamics, radiative transfer, ISM: clouds, dust, extinction, ISM: structure, galaxies: Seyfert},
	Month = dec,
	Pages = {3878-3891},
	Title = {{Time-resolved infrared emission from radiation-driven central obscuring structures in active galactic nuclei}},
	Volume = 445,
	Year = 2014,
	Bdsk-Url-1 = {http://dx.doi.org/10.1093/mnras/stu2020}}

@ARTICLE{Shi2016,
   author = {{Shi}, J.-M. and {Stone}, J.~M. and {Huang}, C.~X.},
    title = "{Saturation of the magnetorotational instability in the unstratified shearing box with zero net flux: convergence in taller boxes}",
  journal = {\mnras},
archivePrefix = "arXiv",
   eprint = {1512.01106},
 primaryClass = "astro-ph.HE",
 keywords = {accretion, accretion discs, dynamo, instabilities, MHD, turbulence, methods: numerical},
     year = 2016,
    month = mar,
   volume = 456,
    pages = {2273-2289},
      doi = {10.1093/mnras/stv2815},
   adsurl = {http://adsabs.harvard.edu/abs/2016MNRAS.456.2273S},
  adsnote = {Provided by the SAO/NASA Astrophysics Data System}
}


@article{ShiKrolik08,
	Adsnote = {Provided by the SAO/NASA Astrophysics Data System},
	Adsurl = {http://adsabs.harvard.edu/abs/2008ApJ...679.1018S},
	Archiveprefix = {arXiv},
	Author = {{Shi}, J. and {Krolik}, J.~H.},
	Doi = {10.1086/587507},
	Eprint = {0802.1891},
	Journal = {\apj},
	Keywords = {Galaxies: Active, Galaxies: Nuclei, Galaxies: Seyfert, Galaxies: Quasars: General},
	Month = jun,
	Pages = {1018-1028},
	Title = {{Radiation Pressure-supported Active Galactic Nucleus Tori with Hard X-Ray and Stellar Heating}},
	Volume = 679,
	Year = 2008,
	Bdsk-Url-1 = {http://dx.doi.org/10.1086/587507}}

@article{Siebenmorgen04,
	Adsnote = {Provided by the SAO/NASA Astrophysics Data System},
	Adsurl = {http://adsabs.harvard.edu/abs/2004A%26A...414..123S},
	Author = {{Siebenmorgen}, R. and {Kr{\"u}gel}, E. and {Spoon}, H.~W.~W.},
	Doi = {10.1051/0004-6361:20031633},
	Eprint = {arXiv:astro-ph/0310546},
	Journal = {\aap},
	Keywords = {infrared: galaxies, galaxies: ISM, galaxies: nuclei, galaxies: dust},
	Month = jan,
	Pages = {123-139},
	Title = {{Mid-infrared emission of galactic nuclei. TIMMI2 versus ISO observations and models}},
	Volume = 414,
	Year = 2004,
	Bdsk-Url-1 = {http://dx.doi.org/10.1051/0004-6361:20031633}}

@article{Siebenmorgen05,
	Adsnote = {Provided by the SAO/NASA Astrophysics Data System},
	Adsurl = {http://adsabs.harvard.edu/abs/2005A%26A...436L...5S},
	Author = {{Siebenmorgen}, R. and {Haas}, M. and {Kr{\"u}gel}, E. and {Schulz}, B.},
	Doi = {10.1051/0004-6361:200500109},
	Journal = {\aap},
	Keywords = {galaxies: active, galaxies: nuclei, galaxies: quasars: general, galaxies: quasars: individual: 3C 249.1, galaxies: quasars: individual: 3C 351},
	Month = jun,
	Pages = {L5-L8},
	Title = {{Discovery of 10 {$\mu$}m silicate emission in quasars. Evidence of the AGN unification scheme}},
	Volume = 436,
	Year = 2005,
	Bdsk-Url-1 = {http://dx.doi.org/10.1051/0004-6361:200500109}}

@article{Simon13,
	Adsnote = {Provided by the SAO/NASA Astrophysics Data System},
	Adsurl = {http://adsabs.harvard.edu/abs/2013ApJ...775...73S},
	Archiveprefix = {arXiv},
	Author = {{Simon}, J.~B. and {Bai}, X.-N. and {Armitage}, P.~J. and {Stone}, J.~M. and {Beckwith}, K.},
	Doi = {10.1088/0004-637X/775/1/73},
	Eid = {73},
	Eprint = {1306.3222},
	Journal = {\apj},
	Keywords = {accretion, accretion disks, magnetohydrodynamics: MHD, protoplanetary disks, turbulence},
	Month = sep,
	Pages = {73},
	Primaryclass = {astro-ph.SR},
	Title = {{Turbulence in the Outer Regions of Protoplanetary Disks. II. Strong Accretion Driven by a Vertical Magnetic Field}},
	Volume = 775,
	Year = 2013,
	Bdsk-Url-1 = {http://dx.doi.org/10.1088/0004-637X/775/1/73}}

@ARTICLE{Simon09,
   author = {{Simon}, J.~B. and {Hawley}, J.~F. and {Beckwith}, K.},
    title = "{Simulations of Magnetorotational Turbulence with a Higher-Order Godunov Scheme}",
  journal = {\apj},
archivePrefix = "arXiv",
   eprint = {0806.3969},
 keywords = {accretion, accretion disks, black hole physics, MHD},
     year = 2009,
    month = jan,
   volume = 690,
    pages = {974-997},
      doi = {10.1088/0004-637X/690/1/974},
   adsurl = {http://adsabs.harvard.edu/abs/2009ApJ...690..974S},
  adsnote = {Provided by the SAO/NASA Astrophysics Data System}
}


@article{Sch05,
	Adsnote = {Provided by the SAO/NASA Astrophysics Data System},
	Adsurl = {http://adsabs.harvard.edu/abs/2005A%26A...432..369S},
	Author = {{Sch{\"o}ier}, F.~L. and {van der Tak}, F.~F.~S. and {van Dishoeck}, E.~F. and {Black}, J.~H.},
	Doi = {10.1051/0004-6361:20041729},
	Eprint = {arXiv:astro-ph/0411110},
	Journal = {\aap},
	Keywords = {astronomical data bases: miscellaneous, atomic data, molecular data, radiative transfer, ISM: atoms, ISM: molecules},
	Month = mar,
	Pages = {369-379},
	Title = {{An atomic and molecular database for analysis of submillimetre line observations}},
	Volume = 432,
	Year = 2005,
	Bdsk-Url-1 = {http://dx.doi.org/10.1051/0004-6361:20041729}}

@book{Spitzer1978Book,
	Adsnote = {Provided by the SAO/NASA Astrophysics Data System},
	Adsurl = {http://adsabs.harvard.edu/abs/1978ppim.book.....S},
	Author = {{Spitzer}, L.},
	Booktitle = {New York Wiley-Interscience, 1978.~333 p.},
	Keywords = {Astrophysics, Interstellar Chemistry, Interstellar Matter, Dissociation, Excitation, Gravitational Effects, H Ii Regions, Ionization, Optical Properties, Polarized Electromagnetic Radiation, Radiative Transfer, Shock Waves, Thermodynamic Equilibrium},
	Title = {{Physical processes in the interstellar medium}},
	Year = 1978}

@article{Springel10,
	Adsnote = {Provided by the SAO/NASA Astrophysics Data System},
	Adsurl = {http://adsabs.harvard.edu/abs/2010ARA%26A..48..391S},
	Archiveprefix = {arXiv},
	Author = {{Springel}, V.},
	Doi = {10.1146/annurev-astro-081309-130914},
	Eprint = {1109.2219},
	Journal = {\araa},
	Month = sep,
	Pages = {391-430},
	Primaryclass = {astro-ph.CO},
	Title = {{Smoothed Particle Hydrodynamics in Astrophysics}},
	Volume = 48,
	Year = 2010,
	Bdsk-Url-1 = {http://dx.doi.org/10.1146/annurev-astro-081309-130914}}

@article{Steffen03,
	Adsnote = {Provided by the SAO/NASA Astrophysics Data System},
	Adsurl = {http://adsabs.harvard.edu/abs/2003ApJ...596L..23S},
	Author = {{Steffen}, A.~T. and {Barger}, A.~J. and {Cowie}, L.~L. and {Mushotzky}, R.~F. and {Yang}, Y.},
	Doi = {10.1086/379142},
	Eprint = {arXiv:astro-ph/0308238},
	Journal = {\apjl},
	Keywords = {Cosmology: Observations, Galaxies: Active, Galaxies: Evolution, Galaxies: Formation},
	Month = oct,
	Pages = {L23-L26},
	Title = {{The Changing Active Galactic Nucleus Population}},
	Volume = 596,
	Year = 2003,
	Bdsk-Url-1 = {http://dx.doi.org/10.1086/379142}}

@article{StevensKallman,
	Adsnote = {Provided by the SAO/NASA Astrophysics Data System},
	Adsurl = {http://adsabs.harvard.edu/abs/1990ApJ...365..321S},
	Author = {{Stevens}, I.~R. and {Kallman}, T.~R.},
	Doi = {10.1086/169486},
	Journal = {\apj},
	Keywords = {Ionized Gases, Radiative Transfer, Stellar Winds, Supergiant Stars, X Ray Binaries, Computational Astrophysics, Stellar Mass Accretion, Stellar Mass Ejection, Stellar Spectra, X Ray Spectra},
	Month = dec,
	Pages = {321-331},
	Title = {{X-ray illuminated stellar winds - Ionization effects in the radiative driving of stellar winds in massive X-ray binary systems}},
	Volume = 365,
	Year = 1990,
	Bdsk-Url-1 = {http://dx.doi.org/10.1086/169486}}

@article{Steenbrugge05,
	Adsnote = {Provided by the SAO/NASA Astrophysics Data System},
	Adsurl = {http://adsabs.harvard.edu/abs/2005A%26A...432..453S},
	Author = {{Steenbrugge}, K.~C. and {Kaastra}, J.~S. and {Sako}, M. and {Branduardi-Raymont}, G. and {Behar}, E. and {Paerels}, F.~B.~S. and {Blustin}, A.~J. and {Kahn}, S.~M.},
	Doi = {10.1051/0004-6361:20041542},
	Eprint = {arXiv:astro-ph/0411232},
	Journal = {\aap},
	Keywords = {galaxies: individual: IC 4329A, galaxies: quasars: absorption lines, galaxies: Seyfert, X-rays: galaxies, intergalactic medium},
	Month = mar,
	Pages = {453-462},
	Title = {{XMM-Newton observations of the heavily absorbed Seyfert 1 galaxy IC 4329A}},
	Volume = 432,
	Year = 2005,
	Bdsk-Url-1 = {http://dx.doi.org/10.1051/0004-6361:20041542}}

@article{Stone92a,
	Adsnote = {Provided by the SAO/NASA Astrophysics Data System},
	Adsurl = {http://adsabs.harvard.edu/abs/1992ApJS...80..753S},
	Author = {{Stone}, J.~M. and {Norman}, M.~L.},
	Doi = {10.1086/191680},
	Journal = {\apjs},
	Keywords = {COMPUTATIONAL ASTROPHYSICS, COSMIC PLASMA, HYDRODYNAMIC EQUATIONS, MAGNETOHYDRODYNAMIC FLOW, SELF CONSISTENT FIELDS, COMPUTATIONAL GRIDS, FINITE DIFFERENCE THEORY, PLASMA RADIATION, POISSON EQUATION, RADIATIVE TRANSFER},
	Month = jun,
	Pages = {753-790},
	Title = {{ZEUS-2D: A radiation magnetohydrodynamics code for astrophysical flows in two space dimensions. I - The hydrodynamic algorithms and tests.}},
	Volume = 80,
	Year = 1992,
	Bdsk-Url-1 = {http://dx.doi.org/10.1086/191680}}

@article{Stone08,
	Adsnote = {Provided by the SAO/NASA Astrophysics Data System},
	Adsurl = {http://adsabs.harvard.edu/abs/2008ApJS..178..137S},
	Archiveprefix = {arXiv},
	Author = {{Stone}, J.~M. and {Gardiner}, T.~A. and {Teuben}, P. and {Hawley}, J.~F. and {Simon}, J.~B.},
	Doi = {10.1086/588755},
	Eprint = {0804.0402},
	Journal = {\apjs},
	Keywords = {Hydrodynamics, Magnetohydrodynamics: MHD, Methods: Numerical},
	Month = sep,
	Pages = {137-177},
	Title = {{Athena: A New Code for Astrophysical MHD}},
	Volume = 178,
	Year = 2008,
	Bdsk-Url-1 = {http://dx.doi.org/10.1086/588755}}

@article{Shi06,
	Adsnote = {Provided by the SAO/NASA Astrophysics Data System},
	Adsurl = {http://adsabs.harvard.edu/abs/2006ApJ...653..127S},
	Author = {{Shi}, Y. and {Rieke}, G.~H. and {Hines}, D.~C. and {Gorjian}, V. and {Werner}, M.~W. and {Cleary}, K. and {Low}, F.~J. and {Smith}, P.~S. and {Bouwman}, J.},
	Doi = {10.1086/508737},
	Eprint = {arXiv:astro-ph/0608645},
	Journal = {\apj},
	Keywords = {Galaxies: Active, Galaxies: Nuclei},
	Month = dec,
	Pages = {127-136},
	Title = {{9.7 {$\mu$}m Silicate Features in Active Galactic Nuclei: New Insights into Unification Models}},
	Volume = 653,
	Year = 2006,
	Bdsk-Url-1 = {http://dx.doi.org/10.1086/508737}}

@article{Sturm05,
	Adsnote = {Provided by the SAO/NASA Astrophysics Data System},
	Adsurl = {http://adsabs.harvard.edu/abs/2005ApJ...629L..21S},
	Author = {{Sturm}, E. and {Schweitzer}, M. and {Lutz}, D. and {Contursi}, A. and {Genzel}, R. and {Lehnert}, M.~D. and {Tacconi}, L.~J. and {Veilleux}, S. and {Rupke}, D.~S. and {Kim}, D.-C. and {Sternberg}, A. and {Maoz}, D. and {Lord}, S. and {Mazzarella}, J. and {Sanders}, D.~B.},
	Doi = {10.1086/444359},
	Eprint = {arXiv:astro-ph/0506716},
	Journal = {\apjl},
	Keywords = {Galaxies: Active, Galaxies: Individual: NGC Number: NGC 3998, Infrared: Galaxies},
	Month = aug,
	Pages = {L21-L23},
	Title = {{Silicate Emissions in Active Galaxies: From LINERs to QSOs}},
	Volume = 629,
	Year = 2005,
	Bdsk-Url-1 = {http://dx.doi.org/10.1086/444359}}

@article{Shlosman89,
	Adsnote = {Provided by the SAO/NASA Astrophysics Data System},
	Adsurl = {http://adsabs.harvard.edu/abs/1989Natur.338...45S},
	Author = {{Shlosman}, I. and {Frank}, J. and {Begelman}, M.~C.},
	Doi = {10.1038/338045a0},
	Journal = {\nat},
	Keywords = {ACCRETION DISKS, ACTIVE GALACTIC NUCLEI, BLACK HOLES (ASTRONOMY), INTERSTELLAR MATTER, SEYFERT GALAXIES, STARBURST GALAXIES, CHARGE COUPLED DEVICES, H II REGIONS, KINETIC ENERGY},
	Month = mar,
	Pages = {45-47},
	Title = {{Bars within bars - A mechanism for fuelling active galactic nuclei}},
	Volume = 338,
	Year = 1989,
	Bdsk-Url-1 = {http://dx.doi.org/10.1038/338045a0}}

@article{Shlosman90,
	Adsnote = {Provided by the SAO/NASA Astrophysics Data System},
	Adsurl = {http://adsabs.harvard.edu/abs/1990Natur.345..679S},
	Author = {{Shlosman}, I. and {Begelman}, M.~C. and {Frank}, J.},
	Doi = {10.1038/345679a0},
	Journal = {\nat},
	Keywords = {ACCRETION DISKS, ACTIVE GALACTIC NUCLEI, ASTRONOMICAL MODELS, GALACTIC EVOLUTION, GRAVITATIONAL FIELDS, INTERSTELLAR MATTER, PERTURBATION THEORY, STAR CLUSTERS, STARBURST GALAXIES},
	Month = jun,
	Pages = {679-686},
	Title = {{The fuelling of active galactic nuclei}},
	Volume = 345,
	Year = 1990,
	Bdsk-Url-1 = {http://dx.doi.org/10.1038/345679a0}}

@article{Sim10,
	Adsnote = {Provided by the SAO/NASA Astrophysics Data System},
	Adsurl = {http://adsabs.harvard.edu/abs/2010MNRAS.408.1396S},
	Archiveprefix = {arXiv},
	Author = {{Sim}, S.~A. and {Proga}, D. and {Miller}, L. and {Long}, K.~S. and {Turner}, T.~J.},
	Doi = {10.1111/j.1365-2966.2010.17215.x},
	Eprint = {1006.3449},
	Journal = {\mnras},
	Keywords = {radiative transfer, methods: numerical, galaxies: active, X-rays: galaxies},
	Month = nov,
	Pages = {1396-1408},
	Primaryclass = {astro-ph.HE},
	Title = {{Multidimensional modelling of X-ray spectra for AGN accretion disc outflows - III. Application to a hydrodynamical simulation}},
	Volume = 408,
	Year = 2010,
	Bdsk-Url-1 = {http://dx.doi.org/10.1111/j.1365-2966.2010.17215.x}}

@article{Simpson00,
	Adsnote = {Provided by the SAO/NASA Astrophysics Data System},
	Adsurl = {http://adsabs.harvard.edu/abs/2000MNRAS.317.1023S},
	Author = {{Simpson}, C. and {Rawlings}, S.},
	Doi = {10.1046/j.1365-8711.2000.03752.x},
	Eprint = {arXiv:astro-ph/0005570},
	Journal = {\mnras},
	Keywords = {GALAXIES: ACTIVE, GALAXIES: PHOTOMETRY, QUASARS: GENERAL, INFRARED: GALAXIES},
	Month = oct,
	Pages = {1023-1028},
	Title = {{Infrared photometry of z\~{}1 3C quasars}},
	Volume = 317,
	Year = 2000,
	Bdsk-Url-1 = {http://dx.doi.org/10.1046/j.1365-8711.2000.03752.x}}

@ARTICLE{Suganuma06,
   author = {{Suganuma}, M. and {Yoshii}, Y. and {Kobayashi}, Y. and {Minezaki}, T. and 
	{Enya}, K. and {Tomita}, H. and {Aoki}, T. and {Koshida}, S. and 
	{Peterson}, B.~A.},
    title = "{Reverberation Measurements of the Inner Radius of the Dust Torus in Nearby Seyfert 1 Galaxies}",
  journal = {\apj},
   eprint = {astro-ph/0511697},
 keywords = {ISM: Dust, Extinction, Galaxies: Active, Galaxies: Individual: NGC Number: NGC 3227, Galaxies: Individual: NGC Number: NGC 4051, Galaxies: Individual: NGC Number: NGC 5548, Galaxies: Individual: NGC Number: NGC 7469, Galaxies: Seyfert, Infrared: Galaxies},
     year = 2006,
    month = mar,
   volume = 639,
    pages = {46-63},
      doi = {10.1086/499326},
   adsurl = {http://adsabs.harvard.edu/abs/2006ApJ...639...46S},
  adsnote = {Provided by the SAO/NASA Astrophysics Data System}
}


@ARTICLE{Suzuki2014,
   author = {{Suzuki}, T.~K. and {Inutsuka}, S.-i.},
    title = "{Magnetohydrodynamic Simulations of Global Accretion Disks with Vertical Magnetic Fields}",
  journal = {\apj},
archivePrefix = "arXiv",
   eprint = {1309.6916},
 primaryClass = "astro-ph.EP",
 keywords = {accretion, accretion disks, ISM: jets and outflows, magnetohydrodynamics: MHD, protoplanetary disks, stars: winds, outflows, turbulence},
     year = 2014,
    month = apr,
   volume = 784,
      eid = {121},
    pages = {121},
      doi = {10.1088/0004-637X/784/2/121},
   adsurl = {http://cdsads.u-strasbg.fr/abs/2014ApJ...784..121S},
  adsnote = {Provided by the SAO/NASA Astrophysics Data System}
}

@article{Tarter69,
	Adsnote = {Provided by the SAO/NASA Astrophysics Data System},
	Adsurl = {http://adsabs.harvard.edu/abs/1969ApJ...156..943T},
	Author = {{Tarter}, C.~B. and {Tucker}, W.~H. and {Salpeter}, E.~E.},
	Doi = {10.1086/150026},
	Journal = {\apj},
	Month = jun,
	Pages = {943},
	Title = {{The Interaction of X-Ray Sources with Optically Thin Environments}},
	Volume = 156,
	Year = 1969,
	Bdsk-Url-1 = {http://dx.doi.org/10.1086/150026}}

@book{Tassoul78,
	Adsnote = {Provided by the SAO/NASA Astrophysics Data System},
	Adsurl = {http://adsabs.harvard.edu/abs/1978trs..book.....T},
	Author = {{Tassoul}, {J.-L.}},
	Publisher = {Princeton Series in Astrophysics, Princeton: University Press, 1978},
	Editor = {{Tassoul, J.-L.}},
	Keywords = {ROTATING STARS, DIFFERENTIAL ROTATION, THEORY},
	Title = {{Theory of rotating stars}},
	Year = 1978}

@article{Thompson08,
	Adsnote = {Provided by the SAO/NASA Astrophysics Data System},
	Adsurl = {http://adsabs.harvard.edu/abs/2008ApJ...684..212T},
	Archiveprefix = {arXiv},
	Author = {{Thompson}, T.~A.},
	Doi = {10.1086/589227},
	Eprint = {0804.3403},
	Journal = {\apj},
	Keywords = {Galaxies: Starburst},
	Month = sep,
	Pages = {212-225},
	Title = {{Gravitational Instability in Radiation Pressure-Dominated Backgrounds}},
	Volume = 684,
	Year = 2008,
	Bdsk-Url-1 = {http://dx.doi.org/10.1086/589227}}

@article{Thompson05,
	Adsnote = {Provided by the SAO/NASA Astrophysics Data System},
	Adsurl = {http://adsabs.harvard.edu/abs/2005ApJ...630..167T},
	Author = {{Thompson}, T.~A. and {Quataert}, E. and {Murray}, N.},
	Doi = {10.1086/431923},
	Eprint = {arXiv:astro-ph/0503027},
	Journal = {\apj},
	Keywords = {Accretion, Accretion Disks, Galaxies: Formation, Galaxies: General, Galaxies: Starburst, Galaxy: Center, Galaxies: Quasars: General},
	Month = sep,
	Pages = {167-185},
	Title = {{Radiation Pressure-supported Starburst Disks and Active Galactic Nucleus Fueling}},
	Volume = 630,
	Year = 2005,
	Bdsk-Url-1 = {http://dx.doi.org/10.1086/431923}}

@article{Toomre64,
	Adsnote = {Provided by the SAO/NASA Astrophysics Data System},
	Adsurl = {http://adsabs.harvard.edu/abs/1964ApJ...139.1217T},
	Author = {{Toomre}, A.},
	Doi = {10.1086/147861},
	Journal = {\apj},
	Month = may,
	Pages = {1217-1238},
	Title = {{On the gravitational stability of a disk of stars}},
	Volume = 139,
	Year = 1964,
	Bdsk-Url-1 = {http://dx.doi.org/10.1086/147861}}

@article{TurnerStone01,
	Adsnote = {Provided by the SAO/NASA Astrophysics Data System},
	Adsurl = {http://adsabs.harvard.edu/abs/2001ApJS..135...95T},
	Author = {{Turner}, N.~J. and {Stone}, J.~M.},
	Doi = {10.1086/321779},
	Eprint = {arXiv:astro-ph/0102145},
	Journal = {\apjs},
	Keywords = {Hydrodynamics, Methods: Numerical, Radiative Transfer},
	Month = jul,
	Pages = {95-107},
	Title = {{A Module for Radiation Hydrodynamic Calculations with ZEUS-2D Using Flux-limited Diffusion}},
	Volume = 135,
	Year = 2001,
	Bdsk-Url-1 = {http://dx.doi.org/10.1086/321779}}

@article{TurnerStone03,
	Adsnote = {Provided by the SAO/NASA Astrophysics Data System},
	Adsurl = {http://adsabs.harvard.edu/abs/2003ApJ...593..992T},
	Author = {{Turner}, N.~J. and {Stone}, J.~M. and {Krolik}, J.~H. and {Sano}, T.},
	Doi = {10.1086/376615},
	Eprint = {arXiv:astro-ph/0304511},
	Journal = {\apj},
	Keywords = {Accretion, Accretion Disks, Instabilities, Magnetohydrodynamics: MHD, Radiative Transfer},
	Month = aug,
	Pages = {992-1006},
	Title = {{Local Three-dimensional Simulations of Magnetorotational Instability in Radiation-dominated Accretion Disks}},
	Volume = 593,
	Year = 2003,
	Bdsk-Url-1 = {http://dx.doi.org/10.1086/376615}}

@ARTICLE{Tristram14,
   author = {{Tristram}, K.~R.~W. and {Burtscher}, L. and {Jaffe}, W. and 
	{Meisenheimer}, K. and {H{\"o}nig}, S.~F. and {Kishimoto}, M. and 
	{Schartmann}, M. and {Weigelt}, G.},
    title = "{The dusty torus in the Circinus galaxy: a dense disk and the torus funnel}",
  journal = {\aap},
archivePrefix = "arXiv",
   eprint = {1312.4534},
 primaryClass = "astro-ph.GA",
 keywords = {galaxies: active, galaxies: nuclei, galaxies: Seyfert, galaxies: individual: Circinus, galaxies: structure, techniques: interferometric},
     year = 2014,
    month = mar,
   volume = 563,
      eid = {A82},
    pages = {A82},
      doi = {10.1051/0004-6361/201322698},
   adsurl = {http://adsabs.harvard.edu/abs/2014A%26A...563A..82T},
  adsnote = {Provided by the SAO/NASA Astrophysics Data System}
}

@ARTICLE{Tristram2011,
   author = {{Tristram}, K.~R.~W. and {Schartmann}, M.},
    title = "{On the size-luminosity relation of AGN dust tori in the mid-infrared}",
  journal = {\aap},
archivePrefix = "arXiv",
   eprint = {1105.4875},
 keywords = {galaxies: active, galaxies: nuclei, galaxies: Seyfert, techniques: interferometric},
     year = 2011,
    month = jul,
   volume = 531,
      eid = {A99},
    pages = {A99},
      doi = {10.1051/0004-6361/201116867},
   adsurl = {http://adsabs.harvard.edu/abs/2011A%26A...531A..99T},
  adsnote = {Provided by the SAO/NASA Astrophysics Data System}
}
@article{Tristram07,
	Adsnote = {Provided by the SAO/NASA Astrophysics Data System},
	Adsurl = {http://adsabs.harvard.edu/abs/2007A%26A...474..837T},
	Archiveprefix = {arXiv},
	Author = {{Tristram}, K.~R.~W. and {Meisenheimer}, K. and
                  {Jaffe}, W. and {Schartmann}, M. and {Rix}, {H.-W.}
                  and {Leinert}, C. and {Morel}, S. and {Wittkowski},
                  M. and {R{\"o}ttgering}, H. and {Perrin}, G. and
                  {Lopez}, B. and {Raban}, D. and {Cotton}, W.~D. and
                  {Graser}, U. and {Paresce}, F. and {Henning}, T.},
	Doi = {10.1051/0004-6361:20078369},
	Eprint = {0709.0209},
	Journal = {\aap},
	Keywords = {galaxies: active, galaxies: nuclei, galaxies:
                  Seyfert, galaxies: individual: Seyfert, radiation
                  mechanisms: thermal, techniques: interferometric},
	Month = nov,
	Pages = {837-850},
	Title = {{Resolving the complex structure of the dust torus in the active nucleus of the Circinus galaxy}},
	Volume = 474,
	Year = 2007,
	Bdsk-Url-1 = {http://dx.doi.org/10.1051/0004-6361:20078369}}

@article{Trump06,
	Adsnote = {Provided by the SAO/NASA Astrophysics Data System},
	Adsurl = {http://adsabs.harvard.edu/abs/2006ApJS..165....1T},
	Author = {{Trump}, J.~R. and {Hall}, P.~B. and {Reichard}, T.~A. and {Richards}, G.~T. and {Schneider}, D.~P. and {Vanden Berk}, D.~E. and {Knapp}, G.~R. and {Anderson}, S.~F. and {Fan}, X. and {Brinkman}, J. and {Kleinman}, S.~J. and {Nitta}, A.},
	Doi = {10.1086/503834},
	Eprint = {arXiv:astro-ph/0603070},
	Journal = {\apjs},
	Keywords = {Catalogs, Galaxies: Active, Galaxies: Quasars: Absorption Lines, Galaxies: Quasars: Emission Lines, Galaxies: Quasars: General},
	Month = jul,
	Pages = {1-18},
	Title = {{A Catalog of Broad Absorption Line Quasars from the Sloan Digital Sky Survey Third Data Release}},
	Volume = 165,
	Year = 2006,
	Bdsk-Url-1 = {http://dx.doi.org/10.1086/503834}}

@inproceedings{Twadelle13,
	Adsnote = {Provided by the SAO/NASA Astrophysics Data System},
	Adsurl = {http://adsabs.harvard.edu/abs/2013AAS...22133914T},
	Author = {{Twadelle}, K. and {Berg}, M. and {Batcheldor}, D. and {Program 80120}, S.},
	Booktitle = {American Astronomical Society Meeting Abstracts},
	Month = jan,
	Pages = {339.14},
	Series = {American Astronomical Society Meeting Abstracts},
	Title = {{Reverberation Mapping of AGN Dusty Tori in the Infrared}},
	Volume = 221,
	Year = 2013}

@article{Sanders89,
	Adsnote = {Provided by the SAO/NASA Astrophysics Data System},
	Adsurl = {http://adsabs.harvard.edu/abs/1989ApJ...347...29S},
	Author = {{Sanders}, D.~B. and {Phinney}, E.~S. and {Neugebauer}, G. and {Soifer}, B.~T. and {Matthews}, K.},
	Doi = {10.1086/168094},
	Journal = {\apj},
	Keywords = {ASTRONOMICAL SPECTROSCOPY, CONTINUOUS SPECTRA, INFRARED SOURCES (ASTRONOMY), QUASARS, SPECTRAL ENERGY DISTRIBUTION, SPECTRUM ANALYSIS, ACCRETION DISKS, BLAZARS, INFRARED SPECTRA, SEYFERT GALAXIES, SKY SURVEYS (ASTRONOMY)},
	Month = dec,
	Pages = {29-51},
	Title = {{Continuum energy distribution of quasars - Shapes and origins}},
	Volume = 347,
	Year = 1989,
	Bdsk-Url-1 = {http://dx.doi.org/10.1086/168094}}

@article{Semenov03,
	Adsnote = {Provided by the SAO/NASA Astrophysics Data System},
	Adsurl = {http://adsabs.harvard.edu/abs/2003A%26A...410..611S},
	Author = {{Semenov}, D. and {Henning}, T. and {Helling}, C. and {Ilgner}, M. and {Sedlmayr}, E.},
	Doi = {10.1051/0004-6361:20031279},
	Eprint = {arXiv:astro-ph/0308344},
	Journal = {\aap},
	Keywords = {accretion, accretion discs, hydrodynamics, atomic processes, molecular processes, stars: planetary systems: protoplanetary discs},
	Month = nov,
	Pages = {611-621},
	Title = {{Rosseland and Planck mean opacities for protoplanetary discs}},
	Volume = 410,
	Year = 2003,
	Bdsk-Url-1 = {http://dx.doi.org/10.1051/0004-6361:20031279}}

@article{StoneNorman92,
	Adsnote = {Provided by the SAO/NASA Astrophysics Data System},
	Adsurl = {http://adsabs.harvard.edu/abs/1992ApJS...80..753S},
	Author = {{Stone}, J.~M. and {Norman}, M.~L.},
	Doi = {10.1086/191680},
	Journal = {\apjs},
	Keywords = {COMPUTATIONAL ASTROPHYSICS, COSMIC PLASMA, HYDRODYNAMIC EQUATIONS, MAGNETOHYDRODYNAMIC FLOW, SELF CONSISTENT FIELDS, COMPUTATIONAL GRIDS, FINITE DIFFERENCE THEORY, PLASMA RADIATION, POISSON EQUATION, RADIATIVE TRANSFER},
	Month = jun,
	Pages = {753-790},
	Title = {{ZEUS-2D: A radiation magnetohydrodynamics code for astrophysical flows in two space dimensions. I - The hydrodynamic algorithms and tests.}},
	Volume = 80,
	Year = 1992,
	Bdsk-Url-1 = {http://dx.doi.org/10.1086/191680}}

@article{SilkRees98,
	Adsnote = {Provided by the SAO/NASA Astrophysics Data System},
	Adsurl = {http://adsabs.harvard.edu/abs/1998A%26A...331L...1S},
	Author = {{Silk}, J. and {Rees}, M.~J.},
	Eprint = {arXiv:astro-ph/9801013},
	Journal = {\aap},
	Keywords = {GALAXY FORMATION: SUPERMASSIVE BLACK HOLES, QUASARS: OUTFLOWS},
	Month = mar,
	Pages = {L1-L4},
	Title = {{Quasars and galaxy formation}},
	Volume = 331,
	Year = 1998}

@article{UrryPadovani95,
	Adsnote = {Provided by the SAO/NASA Astrophysics Data System},
	Adsurl = {http://adsabs.harvard.edu/abs/1995PASP..107..803U},
	Author = {{Urry}, C.~M. and {Padovani}, P.},
	Doi = {10.1086/133630},
	Eprint = {arXiv:astro-ph/9506063},
	Journal = {\pasp},
	Keywords = {GALAXIES: ACTIVE, GALAXIES: FUNDAMENTAL PARAMETERS},
	Month = sep,
	Pages = {803},
	Title = {{Unified Schemes for Radio-Loud Active Galactic Nuclei}},
	Volume = 107,
	Year = 1995,
	Bdsk-Url-1 = {http://dx.doi.org/10.1086/133630}}

@article{RupkeVeilleux11,
	Adsnote = {Provided by the SAO/NASA Astrophysics Data System},
	Adsurl = {http://adsabs.harvard.edu/abs/2011ApJ...729L..27R},
	Archiveprefix = {arXiv},
	Author = {{Rupke}, D.~S.~N. and {Veilleux}, S.},
	Doi = {10.1088/2041-8205/729/2/L27},
	Eid = {L27},
	Eprint = {1102.4349},
	Journal = {\apjl},
	Keywords = {galaxies: evolution, galaxies: ISM, galaxies: jets, galaxies: kinematics and dynamics, quasars: individual: Mrk 231},
	Month = mar,
	Pages = {L27},
	Primaryclass = {astro-ph.GA},
	Title = {{Integral Field Spectroscopy of Massive, Kiloparsec-scale Outflows in the Infrared-luminous QSO Mrk 231}},
	Volume = 729,
	Year = 2011,
	Bdsk-Url-1 = {http://dx.doi.org/10.1088/2041-8205/729/2/L27}}

@article{FerrareseMerritt00,
	Adsnote = {Provided by the SAO/NASA Astrophysics Data System},
	Adsurl = {http://adsabs.harvard.edu/abs/2000ApJ...539L...9F},
	Author = {{Ferrarese}, L. and {Merritt}, D.},
	Doi = {10.1086/312838},
	Eprint = {arXiv:astro-ph/0006053},
	Journal = {\apjl},
	Keywords = {Black Hole Physics, Galaxies: Evolution, Galaxies: Kinematics and Dynamics},
	Month = aug,
	Pages = {L9-L12},
	Title = {{A Fundamental Relation between Supermassive Black Holes and Their Host Galaxies}},
	Volume = 539,
	Year = 2000,
	Bdsk-Url-1 = {http://dx.doi.org/10.1086/312838}}

@article{Greenezakamska12,
	Adsnote = {Provided by the SAO/NASA Astrophysics Data System},
	Adsurl = {http://adsabs.harvard.edu/abs/2012ApJ...746...86G},
	Archiveprefix = {arXiv},
	Author = {{Greene}, J.~E. and {Zakamska}, N.~L. and {Smith}, P.~S.},
	Doi = {10.1088/0004-637X/746/1/86},
	Eid = {86},
	Eprint = {1112.3358},
	Journal = {\apj},
	Keywords = {galaxies: active, galaxies: nuclei, galaxies: Seyfert},
	Month = feb,
	Pages = {86},
	Primaryclass = {astro-ph.CO},
	Title = {{A Spectacular Outflow in an Obscured Quasar}},
	Volume = 746,
	Year = 2012,
	Bdsk-Url-1 = {http://dx.doi.org/10.1088/0004-637X/746/1/86}}

@article{Gebhardt00,
	Adsnote = {Provided by the SAO/NASA Astrophysics Data System},
	Adsurl = {http://adsabs.harvard.edu/abs/2000ApJ...539L..13G},
	Author = {{Gebhardt}, K. and {Bender}, R. and {Bower}, G. and {Dressler}, A. and {Faber}, S.~M. and {Filippenko}, A.~V. and {Green}, R. and {Grillmair}, C. and {Ho}, L.~C. and {Kormendy}, J. and {Lauer}, T.~R. and {Magorrian}, J. and {Pinkney}, J. and {Richstone}, D. and {Tremaine}, S.},
	Doi = {10.1086/312840},
	Eprint = {arXiv:astro-ph/0006289},
	Journal = {\apjl},
	Keywords = {Galaxies: General, Galaxies: Nuclei, Galaxies: Statistics},
	Month = aug,
	Pages = {L13-L16},
	Title = {{A Relationship between Nuclear Black Hole Mass and Galaxy Velocity Dispersion}},
	Volume = 539,
	Year = 2000,
	Bdsk-Url-1 = {http://dx.doi.org/10.1086/312840}}

@ARTICLE{Guan09,
   author = {{Guan}, X. and {Gammie}, C.~F. and {Simon}, J.~B. and {Johnson}, B.~M.
	},
    title = "{Locality of MHD Turbulence in Isothermal Disks}",
  journal = {\apj},
archivePrefix = "arXiv",
   eprint = {0901.0273},
 primaryClass = "astro-ph.GA",
 keywords = {accretion, accretion disks, MHD},
     year = 2009,
    month = apr,
   volume = 694,
    pages = {1010-1018},
      doi = {10.1088/0004-637X/694/2/1010},
   adsurl = {http://adsabs.harvard.edu/abs/2009ApJ...694.1010G},
  adsnote = {Provided by the SAO/NASA Astrophysics Data System}
}

@article{Soltan82,
	Adsnote = {Provided by the SAO/NASA Astrophysics Data System},
	Adsurl = {http://adsabs.harvard.edu/abs/1982MNRAS.200..115S},
	Author = {{Soltan}, A.},
	Journal = {\mnras},
	Keywords = {ASTRONOMICAL MODELS, BLACK HOLES (ASTRONOMY), GALACTIC EVOLUTION, GALACTIC NUCLEI, MASS, QUASARS, BOLOMETERS, LUMINOSITY, RED SHIFT, SPECTROPHOTOMETRY, STELLAR MASS ACCRETION},
	Month = jul,
	Pages = {115-122},
	Title = {{Masses of quasars}},
	Volume = 200,
	Year = 1982}

@article{gultekin09,
	Adsnote = {Provided by the SAO/NASA Astrophysics Data System},
	Adsurl = {http://adsabs.harvard.edu/abs/2009ApJ...698..198G},
	Archiveprefix = {arXiv},
	Author = {{G{\"u}ltekin}, K. and {Richstone}, D.~O. and {Gebhardt}, K. and {Lauer}, T.~R. and {Tremaine}, S. and {Aller}, M.~C. and {Bender}, R. and {Dressler}, A. and {Faber}, S.~M. and {Filippenko}, A.~V. and {Green}, R. and {Ho}, L.~C. and {Kormendy}, J. and {Magorrian}, J. and {Pinkney}, J. and {Siopis}, C.},
	Doi = {10.1088/0004-637X/698/1/198},
	Eprint = {0903.4897},
	Journal = {\apj},
	Keywords = {black hole physics, galaxies: general, galaxies: nuclei, galaxies: statistics, stellar dynamics},
	Month = jun,
	Pages = {198-221},
	Primaryclass = {astro-ph.GA},
	Title = {{The M-{$\sigma$} and M-L Relations in Galactic Bulges, and Determinations of Their Intrinsic Scatter}},
	Volume = 698,
	Year = 2009,
	Bdsk-Url-1 = {http://dx.doi.org/10.1088/0004-637X/698/1/198}}

@article{moe09,
	Adsnote = {Provided by the SAO/NASA Astrophysics Data System},
	Adsurl = {http://adsabs.harvard.edu/abs/2009ApJ...706..525M},
	Archiveprefix = {arXiv},
	Author = {{Moe}, M. and {Arav}, N. and {Bautista}, M.~A. and {Korista}, K.~T.},
	Doi = {10.1088/0004-637X/706/1/525},
	Eprint = {0911.3332},
	Journal = {\apj},
	Keywords = {galaxies: evolution, quasars: absorption lines, quasars: individual: SDSS J0838 + 2955},
	Month = nov,
	Pages = {525-534},
	Primaryclass = {astro-ph.CO},
	Title = {{Quasar Outflow Contribution to AGN Feedback: Observations of QSO SDSS J0838+2955}},
	Volume = 706,
	Year = 2009,
	Bdsk-Url-1 = {http://dx.doi.org/10.1088/0004-637X/706/1/525}}

@article{tremonti07,
	Adsnote = {Provided by the SAO/NASA Astrophysics Data System},
	Adsurl = {http://adsabs.harvard.edu/abs/2007ApJ...663L..77T},
	Archiveprefix = {arXiv},
	Author = {{Tremonti}, C.~A. and {Moustakas}, J. and {Diamond-Stanic}, A.~M.},
	Doi = {10.1086/520083},
	Eprint = {0706.0527},
	Journal = {\apjl},
	Keywords = {Galaxies: Evolution, Galaxies: ISM, Galaxies: Starburst, Galaxies: Quasars: Absorption Lines},
	Month = jul,
	Pages = {L77-L80},
	Title = {{The Discovery of 1000 km s$^{-1}$ Outflows in Massive Poststarburst Galaxies at z=0.6}},
	Volume = 663,
	Year = 2007,
	Bdsk-Url-1 = {http://dx.doi.org/10.1086/520083}}

@article{Kurosawaproga08,
	Adsnote = {Provided by the SAO/NASA Astrophysics Data System},
	Adsurl = {http://adsabs.harvard.edu/abs/2008ApJ...674...97K},
	Archiveprefix = {arXiv},
	Author = {{Kurosawa}, R. and {Proga}, D.},
	Doi = {10.1086/524870},
	Eprint = {0709.0951},
	Journal = {\apj},
	Keywords = {Accretion, Accretion Disks, Galaxies: Jets, Galaxies: Kinematics and Dynamics, Hydrodynamics, Methods: Numerical},
	Month = feb,
	Pages = {97-110},
	Title = {{Three-dimensional Simulations of Inflows Irradiated by a Precessing Accretion Disk in Active Galactic Nuclei: Formation of Outflows}},
	Volume = 674,
	Year = 2008,
	Bdsk-Url-1 = {http://dx.doi.org/10.1086/524870}}

@article{Kurosawaproga09,
	Adsnote = {Provided by the SAO/NASA Astrophysics Data System},
	Adsurl = {http://adsabs.harvard.edu/abs/2009ApJ...693.1929K},
	Archiveprefix = {arXiv},
	Author = {{Kurosawa}, R. and {Proga}, D.},
	Doi = {10.1088/0004-637X/693/2/1929},
	Eprint = {0812.3153},
	Journal = {\apj},
	Keywords = {accretion, accretion disks, galaxies: jets, galaxies: kinematics and dynamics, hydrodynamics, methods: numerical},
	Month = mar,
	Pages = {1929-1945},
	Title = {{Three-Dimensional Simulations of Dynamics of Accretion Flows Irradiated by a Quasar}},
	Volume = 693,
	Year = 2009,
	Bdsk-Url-1 = {http://dx.doi.org/10.1088/0004-637X/693/2/1929}}

@article{KurosawaProgaNagamine2009,
	Adsnote = {Provided by the SAO/NASA Astrophysics Data System},
	Adsurl = {http://adsabs.harvard.edu/abs/2009ApJ...707..823K},
	Archiveprefix = {arXiv},
	Author = {{Kurosawa}, R. and {Proga}, D. and {Nagamine}, K.},
	Doi = {10.1088/0004-637X/707/1/823},
	Eprint = {0906.3739},
	Journal = {\apj},
	Keywords = {accretion, accretion disks, galaxies: evolution, galaxies: jets, galaxies: kinematics and dynamics, hydrodynamics},
	Month = dec,
	Pages = {823-832},
	Primaryclass = {astro-ph.CO},
	Title = {{On the Feedback Efficiency of Active Galactic Nuclei}},
	Volume = 707,
	Year = 2009,
	Bdsk-Url-1 = {http://dx.doi.org/10.1088/0004-637X/707/1/823}}

@article{velikhov1959stability,
       Title={Stability of flow of an ideally conducting liquid between rotating cylinders in a magnetic field},
       author={Velikhov, EP},
       journal={Zh. {\'E}ksp. Teor. Fiz},
       volume={36},
       pages={1398--1404},
       year={1959}}

@article{Villarroel2014,
	Author = {{Villarroel}, B. and {Korn}, A. and {Matsuoka}, Y.},
	Date-Added = {2014-05-28 14:08:56 -0400},
	Date-Modified = {2014-05-28 14:09:09 -0400},
	Eprint = {1211.0528},
	Journal = {\nat},
	Pages = {1745-2481},
	Title = {{The different neighbours around Type-1 and Type-2 active galactic nuclei}},
	Year = 2014}

@article{Wada12,
	Adsnote = {Provided by the SAO/NASA Astrophysics Data System},
	Adsurl = {http://adsabs.harvard.edu/abs/2012ApJ...758...66W},
	Archiveprefix = {arXiv},
	Author = {{Wada}, K.},
	Doi = {10.1088/0004-637X/758/1/66},
	Eid = {66},
	Eprint = {1208.5272},
	Journal = {\apj},
	Keywords = {galaxies: Seyfert, galaxies: starburst, ISM: structure, methods: numerical},
	Month = oct,
	Pages = {66},
	Primaryclass = {astro-ph.GA},
	Title = {{Radiation-driven Fountain and Origin of Torus around Active Galactic Nuclei}},
	Volume = 758,
	Year = 2012,
	Bdsk-Url-1 = {http://dx.doi.org/10.1088/0004-637X/758/1/66}}

@article{Wada09,
	Adsnote = {Provided by the SAO/NASA Astrophysics Data System},
	Adsurl = {http://adsabs.harvard.edu/abs/2009ApJ...702...63W},
	Author = {{Wada}, K. and {Papadopoulos}, P.~P. and {Spaans}, M.},
	Doi = {10.1088/0004-637X/702/1/63},
	Journal = {\apj},
	Keywords = {galaxies: Seyfert, galaxies: starburst, ISM: molecules, ISM: structure, methods: numerical},
	Month = sep,
	Pages = {63-74},
	Title = {{Molecular Gas Disk Structures Around Active Galactic Nuclei}},
	Volume = 702,
	Year = 2009,
	Bdsk-Url-1 = {http://dx.doi.org/10.1088/0004-637X/702/1/63}}

@article{WadaNorman01,
	Adsnote = {Provided by the SAO/NASA Astrophysics Data System},
	Adsurl = {http://adsabs.harvard.edu/abs/2001ApJ...547..172W},
	Author = {{Wada}, K. and {Norman}, C.~A.},
	Doi = {10.1086/318344},
	Journal = {\apj},
	Keywords = {Galaxies: Structure, ISM: Kinematics and Dynamics, ISM: Structure, Methods: Numerical},
	Month = jan,
	Pages = {172-186},
	Title = {{Numerical Models of the Multiphase Interstellar Matter with Stellar Energy Feedback on a Galactic Scale}},
	Volume = 547,
	Year = 2001,
	Bdsk-Url-1 = {http://dx.doi.org/10.1086/318344}}

@article{Weedman05,
	Adsnote = {Provided by the SAO/NASA Astrophysics Data System},
	Adsurl = {http://adsabs.harvard.edu/abs/2005ApJ...633..706W},
	Author = {{Weedman}, D.~W. and {Hao}, L. and {Higdon}, S.~J.~U. and {Devost}, D. and {Wu}, Y. and {Charmandaris}, V. and {Brandl}, B. and {Bass}, E. and {Houck}, J.~R.},
	Doi = {10.1086/466520},
	Eprint = {arXiv:astro-ph/0507423},
	Journal = {\apj},
	Keywords = {Galaxies: Active, Galaxies: Nuclei, Galaxies: Starburst, Infrared: Galaxies},
	Month = nov,
	Pages = {706-716},
	Title = {{Mid-Infrared Spectra of Classical AGNs Observed with the Spitzer Space Telescope}},
	Volume = 633,
	Year = 2005,
	Bdsk-Url-1 = {http://dx.doi.org/10.1086/466520}}

@ARTICLE{Weigelt12,
   author = {{Weigelt}, G. and {Hofmann}, K.-H. and {Kishimoto}, M. and {H{\"o}nig}, S. and 
	{Schertl}, D. and {Marconi}, A. and {Millour}, F. and {Petrov}, R. and 
	{Fraix-Burnet}, D. and {Malbet}, F. and {Tristram}, K. and {Vannier}, M.
	},
    title = "{VLTI/AMBER observations of the Seyfert nucleus of NGC 3783}",
  journal = {\aap},
archivePrefix = "arXiv",
   eprint = {1204.6122},
 keywords = {galaxies: active, galaxies: Seyfert, techniques: interferometric, galaxies: individual: NGC 3783},
     year = 2012,
    month = may,
   volume = 541,
      eid = {L9},
    pages = {L9},
      doi = {10.1051/0004-6361/201219213},
   adsurl = {http://adsabs.harvard.edu/abs/2012A%26A...541L...9W},
  adsnote = {Provided by the SAO/NASA Astrophysics Data System}
}


@article{Whitehouse04,
	Adsnote = {Provided by the SAO/NASA Astrophysics Data System},
	Adsurl = {http://adsabs.harvard.edu/abs/2004MNRAS.353.1078W},
	Author = {{Whitehouse}, S.~C. and {Bate}, M.~R.},
	Doi = {10.1111/j.1365-2966.2004.08131.x},
	Eprint = {arXiv:astro-ph/0406392},
	Journal = {\mnras},
	Keywords = {hydrodynamics, radiative transfer, methods: numerical},
	Month = oct,
	Pages = {1078-1094},
	Title = {{Smoothed particle hydrodynamics with radiative transfer in the flux-limited diffusion approximation}},
	Volume = 353,
	Year = 2004,
	Bdsk-Url-1 = {http://dx.doi.org/10.1111/j.1365-2966.2004.08131.x}}

@article{WyitheLoeb03,
	Adsnote = {Provided by the SAO/NASA Astrophysics Data System},
	Adsurl = {http://adsabs.harvard.edu/abs/2003ApJ...595..614W},
	Author = {{Wyithe}, J.~S.~B. and {Loeb}, A.},
	Doi = {10.1086/377475},
	Eprint = {arXiv:astro-ph/0304156},
	Journal = {\apj},
	Keywords = {Black Hole Physics-galaxies: nuclei -Galaxies: Quasars: General},
	Month = oct,
	Pages = {614-623},
	Title = {{Self-regulated Growth of Supermassive Black Holes in Galaxies as the Origin of the Optical and X-Ray Luminosity Functions of Quasars}},
	Volume = 595,
	Year = 2003,
	Bdsk-Url-1 = {http://dx.doi.org/10.1086/377475}}

@ARTICLE{Wilson96,
   author = {{Wilson}, A.~S.},
    title = "{Ionization cones}",
  journal = {Vistas in Astronomy},
     year = 1996,
   volume = 40,
    pages = {63-70},
      doi = {10.1016/0083-6656(95)00102-6},
   adsurl = {http://adsabs.harvard.edu/abs/1996VA.....40...63W},
  adsnote = {Provided by the SAO/NASA Astrophysics Data System}
}

@ARTICLE{Wittkowski2004,
   author = {{Wittkowski}, M. and {Kervella}, P. and {Arsenault}, R. and 
	{Paresce}, F. and {Beckert}, T. and {Weigelt}, G.},
    title = "{VLTI/VINCI observations of the nucleus of NGC 1068 using the adaptive optics system MACAO}",
  journal = {\aap},
   eprint = {astro-ph/0403497},
 keywords = {techniques: interferometric, galaxies: nuclei, galaxies: Seyfert, galaxies: individual: NGC 1068},
     year = 2004,
    month = apr,
   volume = 418,
    pages = {L39-L42},
      doi = {10.1051/0004-6361:20040118},
   adsurl = {http://adsabs.harvard.edu/abs/2004A%26A...418L..39W},
  adsnote = {Provided by the SAO/NASA Astrophysics Data System}
}

@article{Woitke2006,
	Adsnote = {Provided by the SAO/NASA Astrophysics Data System},
	Adsurl = {http://adsabs.harvard.edu/abs/2006A%26A...452..537W},
	Author = {{Woitke}, P.},
	Doi = {10.1051/0004-6361:20054202},
	Eprint = {astro-ph/0602371},
	Journal = {\aap},
	Keywords = {hydrodynamics, radiative transfer, instabilities, stars: winds, outflows, stars: mass-loss, stars: AGB and post-AGB},
	Month = jun,
	Pages = {537-549},
	Title = {{2D models for dust-driven AGB star winds}},
	Volume = 452,
	Year = 2006,
	Bdsk-Url-1 = {http://dx.doi.org/10.1051/0004-6361:20054202}}

@article{Yamada07,
	Adsnote = {Provided by the SAO/NASA Astrophysics Data System},
	Adsurl = {http://adsabs.harvard.edu/abs/2007ApJ...671...73Y},
	Archiveprefix = {arXiv},
	Author = {{Yamada}, M. and {Wada}, K. and {Tomisaka}, K.},
	Doi = {10.1086/522332},
	Eprint = {0708.1045},
	Journal = {\apj},
	Keywords = {Galaxies: Active, Galaxies: ISM, ISM: Molecules, Radiative Transfer, Radio Lines: 			Galaxies},
	Month = dec,
	Pages = {73-84},
	Title = {{HCN to HCO$^{+}$ Millimeter Line Diagnostics of AGN Molecular Tori. I. Radiative Transfer 			Modeling}},
	Volume = 671,
	Year = 2007,
	Bdsk-Url-1 = {http://dx.doi.org/10.1086/522332}}

@ARTICLE{Zakamska05,
   author = {{Zakamska}, N.~L. and {Schmidt}, G.~D. and {Smith}, P.~S. and 
	{Strauss}, M.~A. and {Krolik}, J.~H. and {Hall}, P.~B. and {Richards}, G.~T. and 
	{Schneider}, D.~P. and {Brinkmann}, J. and {Szokoly}, G.~P.},
    title = "{Candidate Type II Quasars from the Sloan Digital Sky Survey. III. Spectropolarimetry Reveals Hidden Type I Nuclei}",
  journal = {\aj},
   eprint = {astro-ph/0410054},
 keywords = {Galaxies: Active, Polarization, Galaxies: Quasars: Emission Lines, Galaxies: Quasars: General},
     year = 2005,
    month = mar,
   volume = 129,
    pages = {1212-1224},
      doi = {10.1086/427543},
   adsurl = {http://adsabs.harvard.edu/abs/2005AJ....129.1212Z},
  adsnote = {Provided by the SAO/NASA Astrophysics Data System}
}

@ARTICLE{ZhuStone2018,
       author = {{Zhu}, Zhaohuan and {Stone}, James M.},
        title = "{Global Evolution of an Accretion Disk with a Net Vertical Field: Coronal Accretion, Flux Transport, and Disk Winds}",
      journal = {\apj},
     keywords = {accretion, accretion disks, diffusion, dynamo, instabilities, magnetohydrodynamics: MHD, turbulence, Astrophysics - Earth and Planetary Astrophysics},
         year = 2018,
        month = apr,
       volume = {857},
       number = {1},
          eid = {34},
        pages = {34},
          doi = {10.3847/1538-4357/aaafc9},
archivePrefix = {arXiv},
       eprint = {1701.04627},
 primaryClass = {astro-ph.EP},
       adsurl = {https://ui.adsabs.harvard.edu/abs/2018ApJ...857...34Z},
      adsnote = {Provided by the SAO/NASA Astrophysics Data System}
}

